
@article{Denavit1955A, 
	title={A Kinematic Notation for Lower-Pair Mechanisms}, 
	author={Denavit J., Hartenberg RS}, 
	journal={ASME Journal of Applied Mechanics}, 
	pages={215-221}, 
	year={1955}
}

@article{Royden1963Real,
  title={Real Analysis},
  author={Royden, Halsey L.},
  journal={Princeton University Press Princeton Nj},
  volume={71},
  number={9},
  pages={xx,402},
  year={1963},
}

@article{Simmons1964Introduction,
  title={Introduction to Topology and Modern Analysis},
  author={Simmons, George F.},
  journal={The American Mathematical Monthly},
  volume={71},
  number={4},
  year={1964},
}

@article{rayner1966point,
title={Point Set Topology},
author={Rayner, C B},
journal={Nature},
volume={212},
number={5064},
pages={776--776},
year={1966}}
    

@book{coxeter1969introduction,
	title="Introduction to Geometry",
	author="H. S. M. {Coxeter}",
	url="https://academic.microsoft.com/paper/2026745357",
	year="1969"
}



@ARTICLE{lumelsky1990dynamic, 
author={V. J. {Lumelsky} and S. {Mukhopadhyay} and K. {Sun}}, 
journal={IEEE Transactions on Robotics and Automation}, 
title={Dynamic path planning in sensor-based terrain acquisition}, 
year={1990}, 
volume={6}, 
number={4}, 
pages={462-472}}

@article{Yoshikawa1990Translational,
title={Translational and Rotational Manipulability of Robotic Manipulators},
author={Yoshikawa, Tsuneo},
journal={American Control Conference},
volume={27},
pages={228--233},
year={1990}}
    
    
@inproceedings{choset1998coverage,
  title={Coverage path planning: The boustrophedon cellular decomposition},
  author={Choset, Howie and Pignon, Philippe},
  booktitle={Field and service robotics},
  pages={203--209},
  year={1998},
  organization={Springer}
}
    

@inproceedings{Danner2000Randomized,
  title={Randomized Planning for Short Inspection Paths},
  author={Danner, Tim and Kavraki, L. E.},
  booktitle={Robotics and Automation, 2000. Proceedings. ICRA '00. IEEE International Conference on},
  year={2000},
}

@article{choset2000coverage,
title={Coverage of Known Spaces: The Boustrophedon Cellular Decomposition},
author={Choset, Howie},
journal={Autonomous Robots},
volume={9},
number={3},
pages={247--253},
year={2000}}

@article{choset2000sensor-based,
title={Sensor-Based Exploration: The Hierarchical Generalized Voronoi Graph},
author={Choset, Howie and Burdick, Joel W},
journal={The International Journal of Robotics Research},
volume={19},
number={2},
pages={96--125},
year={2000}}

@inproceedings{choset2000exact,
  title={Exact cellular decompositions in terms of critical points of morse functions},
  author={Choset, Howie and Acar, Ercan and Rizzi, Alfred A and Luntz, Jonathan},
  booktitle={Proceedings of the 2000 IEEE International Conference on Robotics and Automation (ICRA) },
  volume={3},
  pages={2270--2277},
  year={2000},
  organization={IEEE}
}


@article{LaValle2001Randomized,
author = {LaValle, Steven and Kuffner, James},
year = {2001},
month = {01},
pages = {378-400},
title = {Randomized Kinodynamic Planning.},
volume = {20},
journal = {I. J. Robotic Res.}
}

@article{choset2001coverage,
title={Coverage for robotics – A survey of recent results},
author={Choset, Howie},
journal={Annals of Mathematics and Artificial Intelligence},
volume={31},
number={1},
pages={113--126},
year={2001}}

@inproceedings{huang2001optimal,
author={W. H. {Huang}},
booktitle={Proceedings of the 2001 IEEE International Conference on Robotics and Automation},
title={Optimal line-sweep-based decompositions for coverage algorithms},
year={2001},
volume={1},
number={},
doi={10.1109/ROBOT.2001.932525},
ISSN={1050-4729},
month={May},}
    

@article{Acar2002Morse,
author = {Ercan U. Acar and Howie Choset and Alfred A. Rizzi and Prasad N. Atkar and Douglas Hull},
title ={Morse Decompositions for Coverage Tasks},
journal = {The International Journal of Robotics Research},
volume = {21},
number = {4},
pages = {331-344},
year = {2002},
doi = {10.1177/027836402320556359}
}

@article{cheah2003brief,
title={Brief Stability of hybrid position and force control for robotic manipulator with kinematics and dynamics uncertainties},
author={Cheah, Chien Chern and Kawamura, S and Arimoto, Suguru},
journal={Automatica},
volume={39},
number={5},
pages={847--855},
year={2003}}
    

@conference{Atkar2003Towards,
author = {Prasad Atkar and Howie Choset and Alfred Rizzi},
title = {Towards optimal coverage of 2-dimensional surfaces embedded in $\mathbb{R}^3$: choice of start curve},
booktitle = {Proceedings of 2003 IEEE/RSJ International Conference on Intelligent Robots and Systems (IROS '03)},
year = {2003},
month = {October},
volume = {4},
pages = {3581 - 3587},
} 

@inproceedings{mei2004energy,
  title={Energy-efficient motion planning for mobile robots},
  author={Mei, Yongguo and Lu, Yung-Hsiang and Hu, Y Charlie and Lee, CS George},
  booktitle={Proceedings of the 2004 IEEE International Conference on Robotics and Automation},
  volume={5},
  pages={4344--4349},
  year={2004},
  organization={IEEE}
}

@book {choset2005principles,
	title = {Principles of Robot Motion: Theory, Algorithms, and Implementation},
	year = {2005},
	publisher = {MIT Press},
	organization = {MIT Press},
	author = {Choset, H. and Kevin M Lynch and Hutchinson, S. and Kantor, G. and Burgard, W. and Kavraki, L.E. and Thrun, S.}
}

@inproceedings{Oriolo2005Motion,
  title={Motion Planning for Mobile Manipulators along Given End-effector Paths},
  author={Oriolo, G. and Mongillo, C.},
  booktitle={Robotics and Automation, 2005. ICRA 2005. Proceedings of the 2005 IEEE International Conference on},
  year={2005},
}

@article{varadhan2006simple,
  title={A simple algorithm for complete motion planning of translating polyhedral robots},
  author={Varadhan, Gokul and Krishnan, Shankar and Sriram, TVN and Manocha, Dinesh},
  journal={The International Journal of Robotics Research},
  volume={25},
  number={11},
  pages={1049--1070},
  year={2006},
  publisher={Sage Publications Sage CA: Thousand Oaks, CA}
}

@inbook{lavalle2006planning, place={Cambridge}, title={The Configuration Space}, DOI={10.1017/CBO9780511546877.006}, booktitle={Planning Algorithms}, publisher={Cambridge University Press}, author={LaValle, Steven M.}, year={2006}, pages={105–152}}

@inproceedings{nash2007theta,
  title={Theta*: Any-angle path planning on grids},
  author={Nash, Alex and Daniel, Kenny and Koenig, Sven and Felner, Ariel},
  booktitle={AAAI},
  volume={7},
  pages={1177--1183},
  year={2007}
}

@article{jimenez2007optimal,
title={Optimal area covering using genetic algorithms},
author={Jimenez, Paulo A and Shirinzadeh, Bijan and Nicholson, Ann E and Alici, Gursel},
journal={international conference on advanced intelligent mechatronics},
pages={1--5},
year={2007}}
    


@inproceedings{Berenson2009Manipulation,
  title={Manipulation planning on constraint manifolds},
  author={Berenson, Dmitry and Srinivasa, Siddhartha S. and Ferguson, Dave and Kuffner, James J.},
  booktitle={IEEE International Conference on Robotics \& Automation},
  year={2009},
}

@inproceedings{naderan2009efficient,
  title={Efficient and safe path planning for a mobile robot using genetic algorithm},
  author={Naderan-Tahan, Mahmood and Manzuri-Shalmani, Mohammad Taghi},
  booktitle={2009 IEEE Congress on Evolutionary Computation},
  pages={2091--2097},
  year={2009},
  organization={IEEE}
}

@article{Atkar2009Hierarchical,
  title={Hierarchical Segmentation of Piecewise Pseudoextruded Surfaces for Uniform Coverage},
  author={Atkar, P. and D. Conner and A. Greenfield and H. Choset and A. Rizzi},
  journal={IEEE Transactions on Automation Science \& Engineering},
  volume={6},
  number={1},
  pages={107-120},
}

@inproceedings{porta2010path,
author = {Porta, Josep and Jaillet, Léonard},
year = {2010},
month = {01},
pages = {337-353},
title = {Path Planning on Manifolds Using Randomized Higher-Dimensional Continuation},
volume = {68},
journal = {Springer Tracts in Advanced Robotics},
doi = {10.1007/978-3-642-17452-0_20}
}

@article{mannadiar2010optimal,
title={Optimal coverage of a known arbitrary environment},
author={Mannadiar, Raphael and Rekleitis, Ioannis},
pages={5525--5530},
year={2010}}
    


@article{guernane2011generating,
  title={Generating optimized paths for motion planning},
  author={Guernane, Reda and Achour, Nouara},
  journal={Robotics and Autonomous Systems},
  volume={59},
  number={10},
  pages={789--800},
  year={2011},
  publisher={Elsevier}
}

@article{karaman2011sampling,
  title={Sampling-based algorithms for optimal motion planning},
  author={Karaman, Sertac and Frazzoli, Emilio},
  journal={The international journal of robotics research},
  volume={30},
  number={7},
  pages={846--894},
  year={2011},
  publisher={Sage Publications Sage UK: London, England}
}


@article{li2011painting,
title={Trajectory Generation of Spray Painting Robot Using Point Cloud Slicing},
author={Li, M.Z. and Lu, Z.P. and Sha, C.F. and Huang, L.Q.},
journal={Applied Mechanics and Materials},
year={2011},
volume={44--47},
pages={1290--1294},
owner = {Fabricio Garelli}}

@inproceedings{Suh2011Tangent,
  title={Tangent space RRT: A randomized planning algorithm on constraint manifolds},
  author={Suh, Chansu and Um, Terry Taewoong and Kim, Beobkyoon and Noh, Hakjong and Park, Frank C.},
  booktitle={IEEE International Conference on Robotics \& Automation},
  year={2011},
}

@article{Jaillet2011Path,
  title={Path Planning with Loop Closure Constraints Using an Atlas-Based RRT},
  author={Jaillet, Léonard and Porta, Josep M.},
  year={2011},
}

@article{Berenson2011Task,
  title={Task Space Regions: A Framework for Pose-Constrained Manipulation Planning},
  author={Berenson, Dmitry and Srinivasa, Siddhartha S. and Kuffner, James J.},
  journal={International Journal of Robotics Research},
  volume={30},
  number={12},
  pages={1435-1460},
  year={2011},
}

@article{lee2011optimal,
  title={Optimal design and workspace analysis of a mobile welding robot with a 3P3R serial manipulator},
  author={Lee, Donghun and Seo, TaeWon and Kim, Jongwon},
  journal={Robotics and Autonomous systems},
  volume={59},
  number={10},
  pages={813--826},
  year={2011},
  publisher={Elsevier}
}

@article{rososhansky2011coverage,
title={Coverage based tool-path planning for automated polishing using contact mechanics theory},
author={Rososhansky, Michael and Xi, Fengfeng},
journal={Journal of Manufacturing Systems},
volume={30},
number={3},
pages={144--153},
year={2011}}
    


@article{Porta2012Randomized,
  title={Randomized path planning on manifolds based on higher-dimensional continuation},
  author={Porta, Josep M and Jaillet, Léonard and Bohigas, Oriol},
  journal={International Journal of Robotics Research},
  volume={31},
  number={2},
  pages={201-215},
  year={2012},
}

@article{galceran2013a,
title={A survey on coverage path planning for robotics},
author={Galceran, Enric and Carreras, Marc},
journal={Robotics and Autonomous Systems},
volume={61},
number={12},
pages={1258--1276},
year={2013}}
    

@article{Jaillet2013Path,
  title={Path planning under kinematic constraints by rapidly exploring manifolds},
  author={Jaillet, Léonard and Porta, Josep Maria},
  journal={IEEE Transactions on Robotics},
  volume={29},
  number={1},
  pages={105-117},
  year={2013},
}

@inproceedings{gammell2014informed,
  title={Informed RRT*: Optimal sampling-based path planning focused via direct sampling of an admissible ellipsoidal heuristic},
  author={Gammell, Jonathan D and Srinivasa, Siddhartha S and Barfoot, Timothy D},
  booktitle={2014 IEEE/RSJ International Conference on Intelligent Robots and Systems},
  pages={2997--3004},
  year={2014},
  organization={IEEE}
}

@article{gammell2014bit,
  title={Bit*: Batch informed trees for optimal sampling-based planning via dynamic programming on implicit random geometric graphs},
  author={Gammell, Jonathan D and Srinivasa, Siddhartha S and Barfoot, Timothy D},
  journal={arXiv preprint arXiv:1405.5848},
  year={2014},
  publisher={Tech. Report TR-2014-JDG006, ASRL, University of Toronto}
}

@article{heck2015switched,
author = {Heck, D. and Saccon, Alessandro and Wouw, N. and Nijmeijer, Henk},
year = {2015},
month = {07},
pages = {4832-4837},
title = {Switched position-force tracking control of a manipulator interacting with a stiff environment},
volume = {2015},
journal = {Proceedings of the American Control Conference},
doi = {10.1109/ACC.2015.7172090}
}

@article{hameed2016side-to-side,
title={Side-to-side 3D coverage path planning approach for agricultural robots to minimize skip/overlap areas between swaths},
author={Hameed, Ibrahim A and La Courharbo, A and Osen, Ottar L},
journal={Robotics and Autonomous Systems},
volume={76},
pages={36--45},
year={2016}}

@inproceedings{xie2016grinding, 
title={Force control based robotic grinding system and application}, 
booktitle={Proceedings of the 2016 World Congress on Intelligent Control and Automation}, 
author={X. Xie and L. Sun}, 
year={2016}, 
pages={2552--2555}, 
doi={10.1109/WCICA.2016.7578828}, 
month={June}}
    
@article{zhang2016minimum,
  title={Minimum time path planning of robotic manipulator in drilling/spot welding tasks},
  author={Zhang, Qiang and Zhao, Ming-Yong},
  journal={Journal of Computational Design and Engineering},
  volume={3},
  number={2},
  pages={132--139},
  year={2016},
  publisher={Oxford University Press}
}

@inproceedings{paus2017a,
  title={A combined approach for robot placement and coverage path planning for mobile manipulation},
  author={Paus, Fabian and Kaiser,	 Peter and Vahrenkamp, Nikolaus and Asfour, Tamim},
  booktitle={2017 IEEE/RSJ International Conference on Intelligent Robots and Systems (IROS)},
  year={2017},
}

@article{Zhang2017Polishing,
  title={Polishing path planning for physically uniform overlap of polishing ribbons on freeform surface},
  author={Zhang, Lei and Han, Yanjun and Fan, Cheng and Tang, Ye and Song, Xunpeng},
  journal={International Journal of Advanced Manufacturing Technology},
}

@article{mirrazavi2018a,
  title={A Dynamical-System-Based Approach for Controlling Robotic Manipulators During Noncontact/Contact Transitions},
  author={Mirrazavi, Salehian Seyed Sina and Billard Aude},
  journal={IEEE Robotics \& Automation Letters},
  volume={3},
  number={4},
  pages={2738-2745},
}

@inproceedings{hassan2018a,
  title={A deformable spiral based algorithm to smooth coverage path planning for marine growth removal},
  author={Hassan, Mahdi and Liu, Dikai},
  booktitle={2018 IEEE/RSJ International Conference on Intelligent Robots and Systems (IROS)},
  pages={1913--1918},
  year={2018},
  organization={IEEE}
}

@article{solanes2018adaptive,
title={Adaptive robust control and admittance control for contact-driven robotic surface conditioning},
author={Solanes, J Ernesto and Gracia, Luis and Munozbenavent, Pau and Esparza, Alicia and Miro, Jaime Valls and Tornero, Josep},
journal={Robotics and Computer-integrated Manufacturing},
volume={54},
pages={115--132},
year={2018}}
    
@article{Solanes2018Robust,
  title={Robust Hybrid Position-Force Control for Robotic Surface Polishing},
  author={Solanes, J. Ernesto and Gracia, Luis and Muñoz-Benavent, Pau and Valls Miro, Jaime and Perez-Vidal, Carlos and Tornero, Josep},
  journal={Journal of Manufacturing Science and Engineering},
  year={2018},
}
    
@article{liu2019kinematics,
  title={Kinematics analysis and trajectory planning of collaborative welding robot with multiple manipulators},
  author={Liu, Xuemei and Qiu, Chengrong and Zeng, Qingfei and Li, Aiping},
  journal={Procedia CIRP},
  volume={81},
  pages={1034--1039},
  year={2019},
  publisher={Elsevier}
}

@article{lu2020time,
  title={Time-optimal tool motion planning with tool-tip kinematic constraints for robotic machining of sculptured surfaces},
  author={Lu, Lei and Zhang, Jiong and Fuh, Jerry Ying Hsi and Han, Jiang and Wang, Hao},
  journal={Robotics and Computer-Integrated Manufacturing},
  volume={65},
  pages={101969},
  year={2020},
  publisher={Elsevier}
}

@article{Yang2020Cellular, 
   author = {Yang, Tong and Miro, Jaime Valls and Lai, Qianen and Wang, Yue and Xiong, Rong}, 
   title = {Cellular Decomposition for Non-repetitive Coverage Task with Minimum Discontinuities},
   doi = {10.1109/TMECH.2020.2992685}, 
   journal= {IEEE/ASME Transactions on Mechatronics},
   year={2020}
}


