
@article{xie2020cyclic,
author={Z. {Xie} and L. {Jin} and X. {Luo} and S. {Li} and X. {Xiao}},
journal={IEEE Transactions on Control Systems Technology},
title={A Data-Driven Cyclic-Motion Generation Scheme for Kinematic Control of Redundant Manipulators},
year={2020},
volume={},
number={},
pages={1-11},
doi={10.1109/TCST.2019.2963017}}

@ARTICLE{xie2019rmp,
title={On Generalized RMP Scheme for Redundant Robot Manipulators Aided With Dynamic Neural Networks and Nonconvex Bound Constraints},
author={Z. {Xie} and L. {Jin} and X. {Du} and X. {Xiao} and H. {Li} and S. {Li}},
journal={IEEE Transactions on Industrial Informatics},
year={2019},
volume={15},
number={9},
pages={5172-5181},
doi={10.1109/TII.2019.2899909},
month={Sep.},}


@article{molina2017defects,
title = {On the detection of defects on specular car body surfaces},
author = {Jaime Molina and J. Ernesto Solanes and Laura Arnal and Josep Tornero},
journal = {Robotics and Computer-Integrated Manufacturing},
volume = {48},
number = { },
pages = {263--278},
year = {2017},
doi = {"http://dx.doi.org/10.1016/j.rcim.2017.04.009"}}


@inproceedings{xie2016grinding, 
title={Force control based robotic grinding system and application}, 
booktitle={2016 12th World Congress on Intelligent Control and Automation (WCICA)}, 
author={X. Xie and L. Sun}, 
year={2016}, 
pages={2552--2555}, 
doi={10.1109/WCICA.2016.7578828}, 
month={June}}


@article{li2011painting,
title={Trajectory Generation of Spray Painting Robot Using Point Cloud Slicing},
author={Li, M.Z. and Lu, Z.P. and Sha, C.F. and Huang, L.Q.},
journal={Applied Mechanics and Materials},
year={2011},
volume={44--47},
pages={1290--1294},
owner = {Fabricio Garelli}}


@article{tian2016polishing,
title={Polishing pressure investigations of robot automatic polishing on curved surfaces},
author={Tian, Fengjie and Li, Zhenguo and Lv, Chong and Liu, Guangbao},
journal={The Int. J. of Advanced Manufacturing Technology},
year={2016},
volume={87},
number={1},
pages={639--646},
doi={"10.1007/s00170-016-8527-2"}}

@incollection{Khatib1986Real,
  title={Real-time obstacle avoidance for manipulators and mobile robots},
  author={Khatib, Oussama},
  booktitle={Autonomous robot vehicles},
  pages={396--404},
  year={1986},
  publisher={Springer}
}

@article{Egeland1987Task,
  title={Task-space tracking with redundant manipulators},
  author={Egeland, Olav},
  journal={IEEE Journal on Robotics and Automation},
  volume={3},
  number={5},
  pages={471--475},
  year={1987},
  publisher={IEEE}
}

@inproceedings{Mayorga1987Singularities,
  title={A singularities avoidance method for the trajectory planning of redundant and nonredundant robot manipulators},
  author={Mayorga, R and Wong, A},
  booktitle={Proceedings of the 1987 IEEE International Conference on Robotics and Automation},
  volume={4},
  pages={1707--1712},
  year={1987},
  organization={IEEE}
}

@inproceedings{Mayorga1988Singularities,
  title={A singularities avoidance approach for the optimal local path generation of redundant manipulators},
  author={Mayorga, Ren{\'e} V and Wong, Andrew KC},
  booktitle={Proceedings of the 1988 IEEE International Conference on Robotics and Automation},
  pages={49--54},
  year={1988},
  organization={IEEE}
}

@article{lumelsky1990dynamic, 
title={Dynamic path planning in sensor-based terrain acquisition}, 
author={V. J. {Lumelsky} and S. {Mukhopadhyay} and K. {Sun}}, 
journal={IEEE Transactions on Robotics and Automation}, 
year={1990}, 
volume={6}, 
number={4}, 
pages={462-472}}


@article{Lavalle1998Rapidly,
  title={Rapidly-exploring random trees: A new tool for path planning},
  author={LaValle, Steven M and others},
  year={1998},
  publisher={Ames, IA, USA}
}

@article{yoshikawa1990translational,
title={Translational and Rotational Manipulability of Robotic Manipulators},
author={Yoshikawa, Tsuneo},
journal={American Control Conference},
volume={27},
pages={228--233},
year={1990}}
    
    
@article{choset1998coverage,
title={Coverage Path Planning: The Boustrophedon Cellular Decomposition},
author={Choset, Howie and Pignon, Philippe},
pages={203--209},
year={1998}}
    

@article{choset2000coverage,
title={Coverage of Known Spaces: The Boustrophedon Cellular Decomposition},
author={Choset, Howie},
journal={Autonomous Robots},
volume={9},
number={3},
pages={247--253},
year={2000}}

@article{choset2000sensor-based,
title={Sensor-Based Exploration: The Hierarchical Generalized Voronoi Graph},
author={Choset, Howie and Burdick, Joel W},
journal={The International Journal of Robotics Research},
volume={19},
number={2},
pages={96--125},
year={2000}}

@article{choset2000exact,
title={Exact cellular decompositions in terms of critical points of Morse functions},
author={Choset, Howie and Acar, Ercan U and Rizzi, A A and Luntz, Jonathan},
volume={3},
pages={2270--2277},
year={2000}}

@article{choset2001coverage,
title={Coverage for robotics â€“ A survey of recent results},
author={Choset, Howie},
journal={Annals of Mathematics and Artificial Intelligence},
volume={31},
number={1},
pages={113--126},
year={2001}}

@inproceedings{huang2001optimal,
title={Optimal line-sweep-based decompositions for coverage algorithms},
author={W. H. {Huang}},
booktitle={Proceedings 2001 ICRA. IEEE International Conference on Robotics and Automation (Cat. No.01CH37164)},
year={2001},
volume={1},
number={},
pages={27-32 vol.1},
doi={10.1109/ROBOT.2001.932525},
ISSN={1050-4729},
month={May},}
    

@article{Acar2002Morse,
title ={Morse Decompositions for Coverage Tasks},
author = {Ercan U. Acar and Howie Choset and Alfred A. Rizzi and Prasad N. Atkar and Douglas Hull},
journal = {The International Journal of Robotics Research},
volume = {21},
number = {4},
pages = {331-344},
year = {2002},
doi = {10.1177/027836402320556359}
}

@book{Chen2002Correlation,
  title={Correlation: Parametric and nonparametric measures},
  author={Chen, Peter Y and Smithson, Michael and Popovich, Paula M},
  number={139},
  year={2002},
  publisher={Sage}
}

@article{cheah2003brief,
title={Brief Stability of hybrid position and force control for robotic manipulator with kinematics and dynamics uncertainties},
author={Cheah, Chien Chern and Kawamura, S and Arimoto, Suguru},
journal={Automatica},
volume={39},
number={5},
pages={847--855},
year={2003}}
    

@conference{Atkar2003Towards,
title = {Towards optimal coverage of 2-dimensional surfaces embedded in $\mathbb{R}^3$: choice of start curve},
author = {Prasad Atkar and Howie Choset and Alfred Rizzi},
booktitle = {Proceedings of 2003 IEEE/RSJ International Conference on Intelligent Robots and Systems (IROS '03)},
year = {2003},
month = {October},
volume = {4},
pages = {3581 - 3587}} 

@book{choset2005principles,
title = {Principles of Robot Motion: Theory, Algorithms, and Implementation},
year = {2005},
publisher = {MIT Press},
organization = {MIT Press},
author = {Choset, H. and Kevin M Lynch and Hutchinson, S. and Kantor, G. and Burgard, W. and Kavraki, L.E. and Thrun, S.}
}

@article{Norberto2003Welding,
  author={Norberto Pires, J. and Loureiro, A. and Godinho, T. and Ferreira, P. and Fernando, B. and Morgado, J.},
  journal={IEEE Robotics   Automation Magazine}, 
  title={Welding robots}, 
  year={2003},
  volume={10},
  number={2},
  pages={45-55},
  doi={10.1109/MRA.2003.1213616}}

@article{Xian2004Task,
  title={Task-space tracking control of robot manipulators via quaternion feedback},
  author={Xian, Bin and de Queiroz, Marcio S and Dawson, D and Walker, I},
  journal={IEEE Transactions on Robotics and Automation},
  volume={20},
  number={1},
  pages={160--167},
  year={2004},
  publisher={IEEE}
}

@inproceedings{Oriolo2005Motion,
title={Motion Planning for Mobile Manipulators along Given End-effector Paths},
author={Oriolo, G. and Mongillo, C.},
booktitle={Robotics and Automation, 2005. ICRA 2005. Proceedings of the 2005 IEEE International Conference on},
year={2005},
}

@article{Kahn2006Traditional,
  title={Traditional Galleries Require Fewer Watchmen},
  author={ Kahn, J.  and  Klawe, M.  and  Kleitman, D. },
  journal={Siam Journal on Algebraic \& Discrete Methods},
  volume={4},
  number={2},
  pages={194-206},
  year={2006},
}

@book{Lavalle2006Planning,
  title={Planning algorithms},
  author={LaValle, Steven M},
  year={2006},
  publisher={Cambridge university press}
}

@article{varadhan2006simple,
title={A simple algorithm for complete motion planning of translating polyhedral robots},
author={Varadhan, Gokul and Krishnan, Shankar and Sriram, TVN and Manocha, Dinesh},
journal={The International Journal of Robotics Research},
volume={25},
number={11},
pages={1049--1070},
year={2006},
publisher={Sage Publications Sage CA: Thousand Oaks, CA}
}

@inproceedings{nash2007theta,
title={Theta*: Any-angle path planning on grids},
author={Nash, Alex and Daniel, Kenny and Koenig, Sven and Felner, Ariel},
booktitle={AAAI},
volume={7},
pages={1177--1183},
year={2007}
}

@article{jimenez2007optimal,
title={Optimal area covering using genetic algorithms},
author={Jimenez, Paulo A and Shirinzadeh, Bijan and Nicholson, Ann E and Alici, Gursel},
journal={international conference on advanced intelligent mechatronics},
pages={1--5},
year={2007}}
    
@inproceedings{Zacharias2007Capturing,
  author={F. {Zacharias} and C. {Borst} and G. {Hirzinger}},
  booktitle={Proceedings of the 2007 IEEE/RSJ International Conference on Intelligent Robots and Systems}, 
  title={Capturing robot workspace structure: representing robot capabilities}, 
  year={2007},
  volume={},
  number={},
  pages={3229-3236},
  doi={10.1109/IROS.2007.4399105}}

@inproceedings{Berenson2009Manipulation,
title={Manipulation planning on constraint manifolds},
author={Berenson, Dmitry and Srinivasa, Siddhartha S. and Ferguson, Dave and Kuffner, James J.},
booktitle={IEEE International Conference on Robotics \& Automation},
year={2009}}

@inproceedings{naderan2009efficient,
title={Efficient and safe path planning for a mobile robot using genetic algorithm},
author={Naderan-Tahan, Mahmood and Manzuri-Shalmani, Mohammad Taghi},
booktitle={2009 IEEE Congress on Evolutionary Computation},
pages={2091--2097},
year={2009},
organization={IEEE}}

@article{White2009Experimental,
  author={G. D. {White} and R. M. {Bhatt} and C. P. {Tang} and V. N. {Krovi}},
  journal={IEEE/ASME Transactions on Mechatronics}, 
  title={Experimental Evaluation of Dynamic Redundancy Resolution in a Nonholonomic Wheeled Mobile Manipulator}, 
  year={2009},
  volume={14},
  number={3},
  pages={349-357},
  doi={10.1109/TMECH.2008.2008802}}

@inproceedings{Zacharias2009Using,
  author={F. {Zacharias} and W. {Sepp} and C. {Borst} and G. {Hirzinger}},
  booktitle={Proceedings of the 2009 IEEE-RAS International Conference on Humanoid Robots}, 
  title={Using a model of the reachable workspace to position mobile manipulators for 3-d trajectories}, 
  year={2009},
  volume={},
  number={},
  pages={55-61},
  doi={10.1109/ICHR.2009.5379601}}

@article{Liang2010Adaptive,
  title={Adaptive task-space tracking control of robots without task-space-and joint-space-velocity measurements},
  author={Liang, Xinwu and Huang, Xinhan and Wang, Min and Zeng, Xiangjin},
  journal={IEEE Transactions on robotics},
  volume={26},
  number={4},
  pages={733--742},
  year={2010},
  publisher={IEEE}
}


@article{mannadiar2010optimal,
title={Optimal coverage of a known arbitrary environment},
author={Mannadiar, Raphael and Rekleitis, Ioannis},
pages={5525--5530},
year={2010}}
    
@inproceedings{porta2010path,
title = {Path Planning on Manifolds Using Randomized Higher-Dimensional Continuation},
author = {Porta, Josep and Jaillet, LÃ©onard},
year = {2010},
month = {01},
pages = {337-353},
volume = {68},
journal = {Springer Tracts in Advanced Robotics},
doi = {10.1007/978-3-642-17452-0_20}}


@article{guernane2011generating,
title={Generating optimized paths for motion planning},
author={Guernane, Reda and Achour, Nouara},
journal={Robotics and Autonomous Systems},
volume={59},
number={10},
pages={789--800},
year={2011},
publisher={Elsevier}}

@article{karaman2011sampling,
title={Sampling-based algorithms for optimal motion planning},
author={Karaman, Sertac and Frazzoli, Emilio},
journal={The international journal of robotics research},
volume={30},
number={7},
pages={846--894},
year={2011},
publisher={Sage Publications Sage UK: London, England}}

@inproceedings{Suh2011Tangent,
title={Tangent space RRT: A randomized planning algorithm on constraint manifolds},
author={Suh, Chansu and Um, Terry Taewoong and Kim, Beobkyoon and Noh, Hakjong and Park, Frank C.},
booktitle={IEEE International Conference on Robotics \& Automation},
year={2011}}

@article{Jaillet2011Path,
title={Path Planning with Loop Closure Constraints Using an Atlas-Based RRT},
author={Jaillet, LÃ©onard and Porta, Josep M.},
year={2011}}

@article{Berenson2011Task,
title={Task Space Regions: A Framework for Pose-Constrained Manipulation Planning},
author={Berenson, Dmitry and Srinivasa, Siddhartha S. and Kuffner, James J.},
journal={International Journal of Robotics Research},
volume={30},
number={12},
pages={1435-1460},
year={2011}}

@article{Porta2012Randomized,
title={Randomized path planning on manifolds based on higher-dimensional continuation},
author={Porta, Josep M and Jaillet, LÃ©onard and Bohigas, Oriol},
journal={International Journal of Robotics Research},
volume={31},
number={2},
pages={201-215},
year={2012}}

@book{Bellman2013Dynamic,
  title={Dynamic programming},
  author={Bellman, Richard},
  year={2013},
  publisher={Courier Corporation}
}

@article{galceran2013a,
title={A survey on coverage path planning for robotics},
author={Galceran, Enric and Carreras, Marc},
journal={Robotics and Autonomous Systems},
volume={61},
number={12},
pages={1258--1276},
year={2013}}

@inproceedings{Nakhaeinia2013Trajectory,
  title={Trajectory planning for surface following with a manipulator under RGB-D visual guidance},
  author={Nakhaeinia, Danial and Fareh, Raouf and Payeur, Pierre and Lagani{\`e}re, Robert},
  booktitle={2013 IEEE international symposium on safety, security, and rescue robotics (SSRR)},
  pages={1--6},
  year={2013},
  organization={IEEE}
}
    
@article{Jaillet2013Path,
title={Path planning under kinematic constraints by rapidly exploring manifolds},
author={Jaillet, LÃ©onard and Porta, Josep Maria},
journal={IEEE Transactions on Robotics},
volume={29},
number={1},
pages={105-117},
year={2013}}

@inproceedings{Vahrenkamp2013Robot,
  author={N. {Vahrenkamp} and T. {Asfour} and R. {Dillmann}},
  booktitle={2013 IEEE International Conference on Robotics and Automation}, 
  title={Robot placement based on reachability inversion}, 
  year={2013},
  volume={},
  number={},
  pages={1970-1975},
  doi={10.1109/ICRA.2013.6630839}}

@inproceedings{gammell2014informed,
title={Informed RRT*: Optimal sampling-based path planning focused via direct sampling of an admissible ellipsoidal heuristic},
author={Gammell, Jonathan D and Srinivasa, Siddhartha S and Barfoot, Timothy D},
booktitle={2014 IEEE/RSJ International Conference on Intelligent Robots and Systems},
pages={2997--3004},
year={2014},
organization={IEEE}}

@article{gammell2014bit,
title={Bit*: Batch informed trees for optimal sampling-based planning via dynamic programming on implicit random geometric graphs},
author={Gammell, Jonathan D and Srinivasa, Siddhartha S and Barfoot, Timothy D},
journal={arXiv preprint arXiv:1405.5848},
year={2014},
publisher={Tech. Report TR-2014-JDG006, ASRL, University of Toronto}}

@inproceedings{Hassan2014Task,
  author={M. {Hassan} and D. {Liu} and S. {Huang} and G. {Dissanayake}},
  booktitle={Proceedings of the 2014 International Conference on Control Automation Robotics Vision (ICARCV)}, 
  title={Task oriented area partitioning and allocation for optimal operation of multiple industrial robots in unstructured environments}, 
  year={2014},
  volume={},
  number={},
  pages={1184-1189},
  doi={10.1109/ICARCV.2014.7064473}}

@article{heck2015switched,
title = {Switched position-force tracking control of a manipulator interacting with a stiff environment},
author = {Heck, D. and Saccon, Alessandro and Wouw, N. and Nijmeijer, Henk},
year = {2015},
month = {07},
pages = {4832-4837},
volume = {2015},
journal = {Proceedings of the American Control Conference},
doi = {10.1109/ACC.2015.7172090}}

@article{Xu2015Singularity,
  title={Singularity analysis and avoidance for robot manipulators with nonspherical wrists},
  author={Xu, Wenfu and Zhang, Jintao and Liang, Bin and Li, Bing},
  journal={IEEE Transactions on Industrial Electronics},
  volume={63},
  number={1},
  pages={277--290},
  year={2015},
  publisher={IEEE}
}

@inproceedings{Hassan2016Modelling,
  author={M. {Hassan} and D. {Liu} and G. {Paul}},
  booktitle={Proceedings of the 2016 IEEE/RSJ International Conference on Intelligent Robots and Systems (IROS)}, 
  title={Modeling and stochastic optimization of complete coverage under uncertainties in multi-robot base placements}, 
  year={2016},
  volume={},
  number={},
  pages={2978-2984},
  doi={10.1109/IROS.2016.7759461}}

@inproceedings{Simetti2016Underwater,
  title={Underwater vehicle manipulator systems: Control methodologies for inspection and maintenance tasks},
  author={Simetti, Enrico and Galeano, Stefano and Casalino, Giuseppe},
  booktitle={OCEANS 2016-Shanghai},
  pages={1--7},
  year={2016},
  organization={IEEE}
}

@inproceedings{Janiak2017Motion,
  title={From motion planning through waypoints to open-loop trajectory tracking algorithm},
  author={Janiak, Mariusz},
  booktitle={2017 11Th International Workshop on Robot Motion and Control (Romoco)},
  pages={142--147},
  year={2017},
  organization={IEEE}
}

@inproceedings{paus2017a,
title={A combined approach for robot placement and coverage path planning for mobile manipulation},
author={Paus, Fabian and Kaiser, Peter and Vahrenkamp, Nikolaus and Asfour, Tamim},
booktitle={2017 IEEE/RSJ International Conference on Intelligent Robots and Systems (IROS)},
year={2017}}


@article{mirrazavi2018a,
title={A Dynamical-System-Based Approach for Controlling Robotic Manipulators During Noncontact/Contact Transitions},
author={Mirrazavi, Salehian Seyed Sina and Billard Aude},
journal={IEEE Robotics \& Automation Letters},
year = {2018},
volume={3},
number={4},
pages={2738-2745}}

@article{Hassan2018Collaboration,
author = {Hassan, Mahdi and Liu, Dikai and Paul, Gavin},
title = {Collaboration of Multiple Autonomous Industrial Robots through Optimal Base Placements},
year = {2018},
issue_date = {May 2018},
address = {USA},
volume = {90},
number = {1â€“2},
issn = {0921-0296},
url = {https://doi.org/10.1007/s10846-017-0647-x},
doi = {10.1007/s10846-017-0647-x},
journal = {J. Intell. Robotics Syst.},
month = may,
pages = {113â€“132},
numpages = {20}
}

@article{hassan2018a,
title={A Deformable Spiral Based Algorithm to Smooth Coverage Path Planning for Marine Growth Removal},
author={Hassan, Mahdi and Liu, Dikai},
pages={1913--1918},
year={2018}}
    

@article{solanes2018adaptive,
title={Adaptive robust control and admittance control for contact-driven robotic surface conditioning},
author={Solanes, J Ernesto and Gracia, Luis and Munozbenavent, Pau and Esparza, Alicia and Valls Miro, Jaime and Tornero, Josep},
journal={Robotics and Computer-integrated Manufacturing},
volume={54},
pages={115--132},
year={2018}}

@inproceedings{Kalawoun2018Optimal,
  author={R. {Kalawoun} and S. {Lengagne} and Y. {Mezouar}},
  booktitle={Proceedings of the 2018 IEEE International Conference on Automation Science and Engineering (CASE)}, 
  title={Optimal robot base placements for coverage tasks}, 
  year={2018},
  volume={},
  number={},
  pages={235-240},
  doi={10.1109/COASE.2018.8560402}}
    
@article{Chen2019Synchronization,
  title={Synchronization of tool tip trajectory and attitude based on the surface characteristics of workpiece for 6-DOF robot manipulator},
  author={Chen, Chin-Sheng and Chen, Shih-Kang},
  journal={Robotics and Computer-Integrated Manufacturing},
  volume={59},
  pages={13--27},
  year={2019},
  publisher={Elsevier}
}

@article{solanes2019robust,
title={Robust Hybrid Position-Force Control for Robotic Surface Polishing},
author={Solanes, J Ernesto and Gracia, Luis and Munozbenavent, Pau and Valls Miro, Jaime and Perezvidal, Carlos and Tornero, Josep},
journal={Journal of Manufacturing Science and Engineering-transactions of The Asme},
volume={141},
number={1},
pages={011013},
year={2019}}

@inproceedings{Malhan2019Identifying,
  author={R. K. {Malhan} and A. M. {Kabir} and B. {Shah} and S. K. {Gupta}},
  booktitle={Proceedings of the 2019 International Conference on Robotics and Automation (ICRA)}, 
  title={Identifying Feasible Workpiece Placement with Respect to Redundant Manipulator for Complex Manufacturing Tasks}, 
  year={2019},
  volume={},
  number={},
  pages={5585-5591},
  doi={10.1109/ICRA.2019.8794353}}
    
@inproceedings{Kabir2019Generation,
  author={A. M. {Kabir} and A. {Kanyuck} and R. K. {Malhan} and A. V. {Shembekar} and S. {Thakar} and B. C. {Shah} and S. K. {Gupta}},
  booktitle={2019 International Conference on Robotics and Automation (ICRA)}, 
  title={Generation of Synchronized Configuration Space Trajectories of Multi-Robot Systems}, 
  year={2019},
  volume={},
  number={},
  pages={8683-8690},
  doi={10.1109/ICRA.2019.8794275}}

@article{Yang2020Cellular, 
   author = {Yang, Tong and Miro, Jaime Valls and Lai, Qianen and Wang, Yue and Xiong, Rong}, 
   title = {Cellular Decomposition for Non-repetitive Coverage Task with Minimum Discontinuities},
   doi = {10.1109/TMECH.2020.2992685}, 
   journal= {IEEE/ASME Transactions on Mechatronics},
   year={2020},
   URL = {http://doi.org/10.1109/TMECH.2020.2992685}
}

@inproceedings{Yang2020Nonrevisiting, 
    AUTHOR    = {Yang, Tong and Miro, Jaime Valls and Wang, Yue and Xiong, Rong}, 
    TITLE     = {{Non-revisiting Coverage Task with Minimal Discontinuities for Non-redundant Manipulators}}, 
    BOOKTITLE = {Proceedings of Robotics: Science and Systems}, 
    YEAR      = {2020}, 
    ADDRESS   = {Corvalis, Oregon, USA}, 
    MONTH     = {July}, 
    DOI       = {10.15607/RSS.2020.XVI.005} 
} 
  
