
@article{molina2017defects,
title = {On the detection of defects on specular car body surfaces},
author = {Jaime Molina and J. Ernesto Solanes and Laura Arnal and Josep Tornero},
journal = {Robotics and Computer-Integrated Manufacturing},
volume = {48},
number = { },
pages = {263--278},
year = {2017},
doi = {"http://dx.doi.org/10.1016/j.rcim.2017.04.009"}}


@inproceedings{xie2016grinding, 
booktitle={2016 12th World Congress on Intelligent Control and Automation (WCICA)}, 
title={Force control based robotic grinding system and application}, 
author={X. Xie and L. Sun}, 
year={2016}, 
pages={2552--2555}, 
doi={10.1109/WCICA.2016.7578828} 
month={June}}


@article{li2011painting,
title={Trajectory Generation of Spray Painting Robot Using Point Cloud Slicing},
author={Li, M.Z. and Lu, Z.P. and Sha, C.F. and Huang, L.Q.},
journal={Applied Mechanics and Materials},
year={2011},
volume={44--47},
pages={1290--1294},
owner = {Fabricio Garelli}}


@article{tian2016polishing,
author={Tian, Fengjie and Li, Zhenguo and Lv, Chong and Liu, Guangbao},
title={Polishing pressure investigations of robot automatic polishing on curved surfaces},
journal={The Int. J. of Advanced Manufacturing Technology},
year={2016},
volume={87},
number={1},
pages={639--646},
doi={"10.1007/s00170-016-8527-2"}}


@article{lumelsky1990dynamic, 
author={V. J. {Lumelsky} and S. {Mukhopadhyay} and K. {Sun}}, 
journal={IEEE Transactions on Robotics and Automation}, 
title={Dynamic path planning in sensor-based terrain acquisition}, 
year={1990}, 
volume={6}, 
number={4}, 
pages={462-472}}


@article{yoshikawa1990translational,
title={Translational and Rotational Manipulability of Robotic Manipulators},
author={Yoshikawa, Tsuneo},
journal={American Control Conference},
volume={27},
pages={228--233},
year={1990}}
    
    
@article{choset1998coverage,
title={Coverage Path Planning: The Boustrophedon Cellular Decomposition},
author={Choset, Howie and Pignon, Philippe},
pages={203--209},
year={1998}}
    

@article{choset2000coverage,
title={Coverage of Known Spaces: The Boustrophedon Cellular Decomposition},
author={Choset, Howie},
journal={Autonomous Robots},
volume={9},
number={3},
pages={247--253},
year={2000}}

@article{choset2000sensor-based,
title={Sensor-Based Exploration: The Hierarchical Generalized Voronoi Graph},
author={Choset, Howie and Burdick, Joel W},
journal={The International Journal of Robotics Research},
volume={19},
number={2},
pages={96--125},
year={2000}}

@article{choset2000exact,
title={Exact cellular decompositions in terms of critical points of Morse functions},
author={Choset, Howie and Acar, Ercan U and Rizzi, A A and Luntz, Jonathan},
volume={3},
pages={2270--2277},
year={2000}}

@article{choset2001coverage,
title={Coverage for robotics – A survey of recent results},
author={Choset, Howie},
journal={Annals of Mathematics and Artificial Intelligence},
volume={31},
number={1},
pages={113--126},
year={2001}}

@INPROCEEDINGS{huang2001optimal,
author={W. H. {Huang}},
booktitle={Proceedings 2001 ICRA. IEEE International Conference on Robotics and Automation (Cat. No.01CH37164)},
title={Optimal line-sweep-based decompositions for coverage algorithms},
year={2001},
volume={1},
number={},
pages={27-32 vol.1},
doi={10.1109/ROBOT.2001.932525},
ISSN={1050-4729},
month={May},}
    

@article{Acar2002Morse,
author = {Ercan U. Acar and Howie Choset and Alfred A. Rizzi and Prasad N. Atkar and Douglas Hull},
title ={Morse Decompositions for Coverage Tasks},
journal = {The International Journal of Robotics Research},
volume = {21},
number = {4},
pages = {331-344},
year = {2002},
doi = {10.1177/027836402320556359}
}

@article{cheah2003brief,
title={Brief Stability of hybrid position and force control for robotic manipulator with kinematics and dynamics uncertainties},
author={Cheah, Chien Chern and Kawamura, S and Arimoto, Suguru},
journal={Automatica},
volume={39},
number={5},
pages={847--855},
year={2003}}
    

@conference{Atkar2003Towards,
author = {Prasad Atkar and Howie Choset and Alfred Rizzi},
title = {Towards optimal coverage of 2-dimensional surfaces embedded in $\mathbb{R}^3$: choice of start curve},
booktitle = {Proceedings of 2003 IEEE/RSJ International Conference on Intelligent Robots and Systems (IROS '03)},
year = {2003},
month = {October},
volume = {4},
pages = {3581 - 3587}} 

@book{choset2005principles,
title = {Principles of Robot Motion: Theory, Algorithms, and Implementation},
year = {2005},
publisher = {MIT Press},
organization = {MIT Press},
author = {Choset, H. and Kevin M Lynch and Hutchinson, S. and Kantor, G. and Burgard, W. and Kavraki, L.E. and Thrun, S.}
}

@inproceedings{Oriolo2005Motion,
title={Motion Planning for Mobile Manipulators along Given End-effector Paths},
author={Oriolo, G. and Mongillo, C.},
booktitle={Robotics and Automation, 2005. ICRA 2005. Proceedings of the 2005 IEEE International Conference on},
year={2005},
}

@article{varadhan2006simple,
title={A simple algorithm for complete motion planning of translating polyhedral robots},
author={Varadhan, Gokul and Krishnan, Shankar and Sriram, TVN and Manocha, Dinesh},
journal={The International Journal of Robotics Research},
volume={25},
number={11},
pages={1049--1070},
year={2006},
publisher={Sage Publications Sage CA: Thousand Oaks, CA}
}

@inproceedings{nash2007theta,
title={Theta*: Any-angle path planning on grids},
author={Nash, Alex and Daniel, Kenny and Koenig, Sven and Felner, Ariel},
booktitle={AAAI},
volume={7},
pages={1177--1183},
year={2007}
}

@article{jimenez2007optimal,
title={Optimal area covering using genetic algorithms},
author={Jimenez, Paulo A and Shirinzadeh, Bijan and Nicholson, Ann E and Alici, Gursel},
journal={international conference on advanced intelligent mechatronics},
pages={1--5},
year={2007}}
    


@inproceedings{Berenson2009Manipulation,
title={Manipulation planning on constraint manifolds},
author={Berenson, Dmitry and Srinivasa, Siddhartha S. and Ferguson, Dave and Kuffner, James J.},
booktitle={IEEE International Conference on Robotics \& Automation},
year={2009}}

@inproceedings{naderan2009efficient,
title={Efficient and safe path planning for a mobile robot using genetic algorithm},
author={Naderan-Tahan, Mahmood and Manzuri-Shalmani, Mohammad Taghi},
booktitle={2009 IEEE Congress on Evolutionary Computation},
pages={2091--2097},
year={2009},
organization={IEEE}}


@inproceedings{porta2010path,
author = {Porta, Josep and Jaillet, Léonard},
year = {2010},
month = {01},
pages = {337-353},
title = {Path Planning on Manifolds Using Randomized Higher-Dimensional Continuation},
volume = {68},
journal = {Springer Tracts in Advanced Robotics},
doi = {10.1007/978-3-642-17452-0_20}}

@article{mannadiar2010optimal,
title={Optimal coverage of a known arbitrary environment},
author={Mannadiar, Raphael and Rekleitis, Ioannis},
pages={5525--5530},
year={2010}}
    

@article{guernane2011generating,
title={Generating optimized paths for motion planning},
author={Guernane, Reda and Achour, Nouara},
journal={Robotics and Autonomous Systems},
volume={59},
number={10},
pages={789--800},
year={2011},
publisher={Elsevier}}

@article{karaman2011sampling,
title={Sampling-based algorithms for optimal motion planning},
author={Karaman, Sertac and Frazzoli, Emilio},
journal={The international journal of robotics research},
volume={30},
number={7},
pages={846--894},
year={2011},
publisher={Sage Publications Sage UK: London, England}}

@inproceedings{Suh2011Tangent,
title={Tangent space RRT: A randomized planning algorithm on constraint manifolds},
author={Suh, Chansu and Um, Terry Taewoong and Kim, Beobkyoon and Noh, Hakjong and Park, Frank C.},
booktitle={IEEE International Conference on Robotics \& Automation},
year={2011}}

@article{Jaillet2011Path,
title={Path Planning with Loop Closure Constraints Using an Atlas-Based RRT},
author={Jaillet, Léonard and Porta, Josep M.},
year={2011}}

@article{Berenson2011Task,
title={Task Space Regions: A Framework for Pose-Constrained Manipulation Planning},
author={Berenson, Dmitry and Srinivasa, Siddhartha S. and Kuffner, James J.},
journal={International Journal of Robotics Research},
volume={30},
number={12},
pages={1435-1460},
year={2011}}

@article{Porta2012Randomized,
title={Randomized path planning on manifolds based on higher-dimensional continuation},
author={Porta, Josep M and Jaillet, Léonard and Bohigas, Oriol},
journal={International Journal of Robotics Research},
volume={31},
number={2},
pages={201-215},
year={2012}}

@article{galceran2013a,
title={A survey on coverage path planning for robotics},
author={Galceran, Enric and Carreras, Marc},
journal={Robotics and Autonomous Systems},
volume={61},
number={12},
pages={1258--1276},
year={2013}}
    

@article{Jaillet2013Path,
title={Path planning under kinematic constraints by rapidly exploring manifolds},
author={Jaillet, Léonard and Porta, Josep Maria},
journal={IEEE Transactions on Robotics},
volume={29},
number={1},
pages={105-117},
year={2013}}

@inproceedings{gammell2014informed,
title={Informed RRT*: Optimal sampling-based path planning focused via direct sampling of an admissible ellipsoidal heuristic},
author={Gammell, Jonathan D and Srinivasa, Siddhartha S and Barfoot, Timothy D},
booktitle={2014 IEEE/RSJ International Conference on Intelligent Robots and Systems},
pages={2997--3004},
year={2014},
organization={IEEE}}

@article{gammell2014bit,
title={Bit*: Batch informed trees for optimal sampling-based planning via dynamic programming on implicit random geometric graphs},
author={Gammell, Jonathan D and Srinivasa, Siddhartha S and Barfoot, Timothy D},
journal={arXiv preprint arXiv:1405.5848},
year={2014},
publisher={Tech. Report TR-2014-JDG006, ASRL, University of Toronto}}

@article{heck2015switched,
author = {Heck, D. and Saccon, Alessandro and Wouw, N. and Nijmeijer, Henk},
year = {2015},
month = {07},
pages = {4832-4837},
title = {Switched position-force tracking control of a manipulator interacting with a stiff environment},
volume = {2015},
journal = {Proceedings of the American Control Conference},
doi = {10.1109/ACC.2015.7172090}}

@inproceedings{paus2017a,
title={A combined approach for robot placement and coverage path planning for mobile manipulation},
author={Paus, Fabian and Kaiser, Peter and Vahrenkamp, Nikolaus and Asfour, Tamim},
booktitle={2017 IEEE/RSJ International Conference on Intelligent Robots and Systems (IROS)},
year={2017}}


@article{mirrazavi2018a,
title={A Dynamical-System-Based Approach for Controlling Robotic Manipulators During Noncontact/Contact Transitions},
author={Mirrazavi, Salehian Seyed Sina and Billard Aude},
journal={IEEE Robotics \& Automation Letters},
volume={3},
number={4},
pages={2738-2745}}


@article{hassan2018a,
title={A Deformable Spiral Based Algorithm to Smooth Coverage Path Planning for Marine Growth Removal},
author={Hassan, Mahdi and Liu, Dikai},
pages={1913--1918},
year={2018}}
    

@article{solanes2018adaptive,
title={Adaptive robust control and admittance control for contact-driven robotic surface conditioning},
author={Solanes, J Ernesto and Gracia, Luis and Munozbenavent, Pau and Esparza, Alicia and Miro, Jaime Valls and Tornero, Josep},
journal={Robotics and Computer-integrated Manufacturing},
volume={54},
pages={115--132},
year={2018}}
    
@article{solanes2019robust,
title={Robust Hybrid Position-Force Control for Robotic Surface Polishing},
author={Solanes, J Ernesto and Gracia, Luis and Munozbenavent, Pau and Miro, Jaime Valls and Perezvidal, Carlos and Tornero, Josep},
journal={Journal of Manufacturing Science and Engineering-transactions of The Asme},
volume={141},
number={1},
pages={011013},
year={2019}}
    
