
@article{xie2020cyclic,
author={Z. {Xie} and L. {Jin} and X. {Luo} and S. {Li} and X. {Xiao}},
journal={IEEE Transactions on Control Systems Technology},
title={A Data-Driven Cyclic-Motion Generation Scheme for Kinematic Control of Redundant Manipulators},
year={2020},
volume={},
number={},
pages={1-11},
doi={10.1109/TCST.2019.2963017}}

@ARTICLE{xie2019rmp,
title={On Generalized RMP Scheme for Redundant Robot Manipulators Aided With Dynamic Neural Networks and Nonconvex Bound Constraints},
author={Z. {Xie} and L. {Jin} and X. {Du} and X. {Xiao} and H. {Li} and S. {Li}},
journal={IEEE Transactions on Industrial Informatics},
year={2019},
volume={15},
number={9},
pages={5172-5181},
doi={10.1109/TII.2019.2899909},
month={Sep.},}


@article{molina2017defects,
title = {On the detection of defects on specular car body surfaces},
author = {Jaime Molina and J. Ernesto Solanes and Laura Arnal and Josep Tornero},
journal = {Robotics and Computer-Integrated Manufacturing},
volume = {48},
number = { },
pages = {263--278},
year = {2017},
doi = {"http://dx.doi.org/10.1016/j.rcim.2017.04.009"}}


@inproceedings{xie2016grinding, 
title={Force control based robotic grinding system and application}, 
booktitle={2016 12th World Congress on Intelligent Control and Automation (WCICA)}, 
author={X. Xie and L. Sun}, 
year={2016}, 
pages={2552--2555}, 
doi={10.1109/WCICA.2016.7578828}, 
month={June}}


@article{li2011painting,
title={Trajectory Generation of Spray Painting Robot Using Point Cloud Slicing},
author={Li, M.Z. and Lu, Z.P. and Sha, C.F. and Huang, L.Q.},
journal={Applied Mechanics and Materials},
year={2011},
volume={44--47},
pages={1290--1294},
owner = {Fabricio Garelli}}


@article{tian2016polishing,
title={Polishing pressure investigations of robot automatic polishing on curved surfaces},
author={Tian, Fengjie and Li, Zhenguo and Lv, Chong and Liu, Guangbao},
journal={The Int. J. of Advanced Manufacturing Technology},
year={2016},
volume={87},
number={1},
pages={639--646},
doi={"10.1007/s00170-016-8527-2"}}


@article{lumelsky1990dynamic, 
title={Dynamic path planning in sensor-based terrain acquisition}, 
author={V. J. {Lumelsky} and S. {Mukhopadhyay} and K. {Sun}}, 
journal={IEEE Transactions on Robotics and Automation}, 
year={1990}, 
volume={6}, 
number={4}, 
pages={462-472}}


@article{yoshikawa1990translational,
title={Translational and Rotational Manipulability of Robotic Manipulators},
author={Yoshikawa, Tsuneo},
journal={American Control Conference},
volume={27},
pages={228--233},
year={1990}}
    
    
@article{Choset1998Coverage,
title={Coverage Path Planning: The Boustrophedon Cellular Decomposition},
author={Choset, Howie and Pignon, Philippe},
pages={203--209},
year={1998}}
    
@article{Tam1999Toward,
  title={Toward the uniform coverage of surfaces by scanning curves},
  author={Tam, Hon-yuen},
  journal={Computer-aided design},
  volume={31},
  number={9},
  pages={585--596},
  year={1999},
  publisher={Elsevier}
}

@article{Choset2000Coverage,
title={Coverage of Known Spaces: The Boustrophedon Cellular Decomposition},
author={Choset, Howie},
journal={Autonomous Robots},
volume={9},
number={3},
pages={247--253},
year={2000}}

@article{choset2000sensor-based,
title={Sensor-Based Exploration: The Hierarchical Generalized Voronoi Graph},
author={Choset, Howie and Burdick, Joel W},
journal={The International Journal of Robotics Research},
volume={19},
number={2},
pages={96--125},
year={2000}}

@article{choset2000exact,
title={Exact cellular decompositions in terms of critical points of Morse functions},
author={Choset, Howie and Acar, Ercan U and Rizzi, A A and Luntz, Jonathan},
volume={3},
pages={2270--2277},
year={2000}}

@inproceedings{Danner2000Randomized,
  title={Randomized planning for short inspection paths},
  author={Danner, Tim and Kavraki, Lydia E},
  booktitle={Proceedings of the 2000 IEEE International Conference on Robotics and Automation (ICRA)},
  volume={2},
  pages={971--976},
  year={2000},
  organization={IEEE}
}

@article{choset2001coverage,
title={Coverage for robotics â€“ A survey of recent results},
author={Choset, Howie},
journal={Annals of Mathematics and Artificial Intelligence},
volume={31},
number={1},
pages={113--126},
year={2001}}

@inproceedings{huang2001optimal,
title={Optimal line-sweep-based decompositions for coverage algorithms},
author={W. H. {Huang}},
booktitle={Proceedings 2001 ICRA. IEEE International Conference on Robotics and Automation (Cat. No.01CH37164)},
year={2001},
volume={1},
number={},
pages={27-32 vol.1},
doi={10.1109/ROBOT.2001.932525},
ISSN={1050-4729},
month={May},}
    

@article{Acar2002Morse,
title ={Morse Decompositions for Coverage Tasks},
author = {Ercan U. Acar and Howie Choset and Alfred A. Rizzi and Prasad N. Atkar and Douglas Hull},
journal = {The International Journal of Robotics Research},
volume = {21},
number = {4},
pages = {331-344},
year = {2002},
doi = {10.1177/027836402320556359}
}

@book{Driscoll2002Schwarz,
  title={Schwarz-christoffel mapping},
  author={Driscoll, Tobin A and Trefethen, Lloyd N},
  volume={8},
  year={2002},
  publisher={Cambridge University Press}
}

@article{cheah2003brief,
title={Brief Stability of hybrid position and force control for robotic manipulator with kinematics and dynamics uncertainties},
author={Cheah, Chien Chern and Kawamura, S and Arimoto, Suguru},
journal={Automatica},
volume={39},
number={5},
pages={847--855},
year={2003}}
    
@inproceedings{Gabriely2002Spiral,
  title={Spiral-STC: An on-line coverage algorithm of grid environments by a mobile robot},
  author={Gabriely, Yoav and Rimon, Elon},
  booktitle={Proceedings of the 2002 IEEE International Conference on Robotics and Automation},
  volume={1},
  pages={954--960},
  year={2002},
  organization={IEEE}
}

@conference{Atkar2003Towards,
title = {Towards optimal coverage of 2-dimensional surfaces embedded in $\mathbb{R}^3$: choice of start curve},
author = {Prasad Atkar and Howie Choset and Alfred Rizzi},
booktitle = {Proceedings of 2003 IEEE/RSJ International Conference on Intelligent Robots and Systems (IROS '03)},
year = {2003},
month = {October},
volume = {4},
pages = {3581 - 3587}} 

@inproceedings{Wong2003Topological,
  title={A topological coverage algorithm for mobile robots},
  author={Wong, Sylvia C and MacDonald, Bruce A},
  booktitle={Proceedings of the 2003 IEEE/RSJ International Conference on Intelligent Robots and Systems (IROS)},
  volume={2},
  pages={1685--1690},
  year={2003},
  organization={IEEE}
}

@article{Li2004Free,
  title={Free-form surface inspection techniques state of the art review},
  author={Li, Yadong and Gu, Peihua},
  journal={Computer-Aided Design},
  volume={36},
  number={13},
  pages={1395--1417},
  year={2004},
  publisher={Elsevier}
}

@article{Atkar2005Uniform,
  title={Uniform coverage of automotive surface patches},
  author={Atkar, Prasad N and Greenfield, Aaron and Conner, David C and Choset, Howie and Rizzi, Alfred A},
  journal={The International Journal of Robotics Research},
  volume={24},
  number={11},
  pages={883--898},
  year={2005},
  publisher={SAGE Publications}
}

@book{choset2005principles,
title = {Principles of Robot Motion: Theory, Algorithms, and Implementation},
year = {2005},
publisher = {MIT Press},
organization = {MIT Press},
author = {Choset, H. and Kevin M Lynch and Hutchinson, S. and Kantor, G. and Burgard, W. and Kavraki, L.E. and Thrun, S.}
}

@article{Elkott2005Isoparametric,
  title={Isoparametric line sampling for the inspection planning of sculptured surfaces},
  author={ElKott, Diaa F and Veldhuis, Stephen C},
  journal={Computer-Aided Design},
  volume={37},
  number={2},
  pages={189--200},
  year={2005},
  publisher={Elsevier}
}

@inproceedings{Gonzalez2005Bsa,
  title={BSA: A complete coverage algorithm},
  author={Gonzalez, Enrique and Alvarez, Oscar and Diaz, Yul and Parra, Carlos and Bustacara, Cesar},
  booktitle={Proceedings of the 2005 IEEE International Conference on Robotics and Automation},
  pages={2040--2044},
  year={2005},
  organization={IEEE}
}

@inproceedings{Oriolo2005Motion,
title={Motion Planning for Mobile Manipulators along Given End-effector Paths},
author={Oriolo, G. and Mongillo, C.},
booktitle={Robotics and Automation, 2005. ICRA 2005. Proceedings of the 2005 IEEE International Conference on},
year={2005},
}

@article{varadhan2006simple,
title={A simple algorithm for complete motion planning of translating polyhedral robots},
author={Varadhan, Gokul and Krishnan, Shankar and Sriram, TVN and Manocha, Dinesh},
journal={The International Journal of Robotics Research},
volume={25},
number={11},
pages={1049--1070},
year={2006},
publisher={Sage Publications Sage CA: Thousand Oaks, CA}
}

@inproceedings{nash2007theta,
title={Theta*: Any-angle path planning on grids},
author={Nash, Alex and Daniel, Kenny and Koenig, Sven and Felner, Ariel},
booktitle={AAAI},
volume={7},
pages={1177--1183},
year={2007}
}

@article{jimenez2007optimal,
title={Optimal area covering using genetic algorithms},
author={Jimenez, Paulo A and Shirinzadeh, Bijan and Nicholson, Ann E and Alici, Gursel},
journal={international conference on advanced intelligent mechatronics},
pages={1--5},
year={2007}}
    
@inproceedings{Chen2008Automated,
  title={Automated industrial robot path planning for spray painting process: a review},
  author={Chen, Heping and Fuhlbrigge, Thomas and Li, Xiongzi},
  booktitle={Proceedings of the 2008 IEEE International Conference on Automation Science and Engineering},
  pages={522--527},
  year={2008},
  organization={IEEE}
}

@inproceedings{Cignoni2008Meshlab,
  title={Meshlab: an open-source mesh processing tool.},
  author={Cignoni, Paolo and Callieri, Marco and Corsini, Massimiliano and Dellepiane, Matteo and Ganovelli, Fabio and Ranzuglia, Guido and others},
  booktitle={Eurographics Italian chapter conference},
  volume={2008},
  pages={129--136},
  year={2008},
  organization={Salerno, Italy}
}

@inproceedings{Berenson2009Manipulation,
title={Manipulation planning on constraint manifolds},
author={Berenson, Dmitry and Srinivasa, Siddhartha S. and Ferguson, Dave and Kuffner, James J.},
booktitle={IEEE International Conference on Robotics \& Automation},
year={2009}}

@article{Chen2009Review,
  title={A review of CAD-based robot path planning for spray painting},
  author={Chen, Heping and Fuhlbrigge, Thomas and Li, Xiongzi},
  journal={Industrial Robot: An International Journal},
  year={2009},
  publisher={Emerald Group Publishing Limited}
}

@inproceedings{Choi2009Online,
  title={Online complete coverage path planning for mobile robots based on linked spiral paths using constrained inverse distance transform},
  author={Choi, Young-Ho and Lee, Tae-Kyeong and Baek, Sang-Hoon and Oh, Se-Young},
  booktitle={Proceedings of the 2009 IEEE/RSJ International Conference on Intelligent Robots and Systems (IROS)},
  pages={5788--5793},
  year={2009},
  organization={IEEE}
}

@article{Obeidat2009Intelligent,
  title={An intelligent sampling method for inspecting free-form surfaces},
  author={Obeidat, Suleiman M and Raman, Shivakumar},
  journal={The International Journal of Advanced Manufacturing Technology},
  volume={40},
  number={11},
  pages={1125--1136},
  year={2009},
  publisher={Springer}
}

@inproceedings{naderan2009efficient,
title={Efficient and safe path planning for a mobile robot using genetic algorithm},
author={Naderan-Tahan, Mahmood and Manzuri-Shalmani, Mohammad Taghi},
booktitle={2009 IEEE Congress on Evolutionary Computation},
pages={2091--2097},
year={2009},
organization={IEEE}}

@article{Oksanen2009Coverage,
  title={Coverage path planning algorithms for agricultural field machines},
  author={Oksanen, Timo and Visala, Arto},
  journal={Journal of field robotics},
  volume={26},
  number={8},
  pages={651--668},
  year={2009},
  publisher={Wiley Online Library}
}

@article{Liu2010Construction,
  title={Construction of iso-contours, bisectors, and Voronoi diagrams on triangulated surfaces},
  author={Liu, Yong-Jin and Chen, Zhanqing and Tang, Kai},
  journal={IEEE Transactions on Pattern Analysis and Machine Intelligence},
  volume={33},
  number={8},
  pages={1502--1517},
  year={2010},
  publisher={IEEE}
}

@inproceedings{Mannadiar2010Optimal,
  title={Optimal coverage of a known arbitrary environment},
  author={Mannadiar, Raphael and Rekleitis, Ioannis},
  booktitle={Proceedings of the 2010 IEEE International Conference on Robotics and Automation (ICRA)},
  pages={5525--5530},
  year={2010},
  organization={IEEE}
}

@inproceedings{porta2010path,
title = {Path Planning on Manifolds Using Randomized Higher-Dimensional Continuation},
author = {Porta, Josep and Jaillet, LÃ©onard},
year = {2010},
month = {01},
pages = {337-353},
volume = {68},
journal = {Springer Tracts in Advanced Robotics},
doi = {10.1007/978-3-642-17452-0_20}}


@article{guernane2011generating,
title={Generating optimized paths for motion planning},
author={Guernane, Reda and Achour, Nouara},
journal={Robotics and Autonomous Systems},
volume={59},
number={10},
pages={789--800},
year={2011},
publisher={Elsevier}}

@article{karaman2011sampling,
title={Sampling-based algorithms for optimal motion planning},
author={Karaman, Sertac and Frazzoli, Emilio},
journal={The international journal of robotics research},
volume={30},
number={7},
pages={846--894},
year={2011},
publisher={Sage Publications Sage UK: London, England}}

@inproceedings{Suh2011Tangent,
title={Tangent space RRT: A randomized planning algorithm on constraint manifolds},
author={Suh, Chansu and Um, Terry Taewoong and Kim, Beobkyoon and Noh, Hakjong and Park, Frank C.},
booktitle={IEEE International Conference on Robotics \& Automation},
year={2011}}

@article{Jaillet2011Path,
title={Path Planning with Loop Closure Constraints Using an Atlas-Based RRT},
author={Jaillet, LÃ©onard and Porta, Josep M.},
year={2011}}

@article{Berenson2011Task,
title={Task Space Regions: A Framework for Pose-Constrained Manipulation Planning},
author={Berenson, Dmitry and Srinivasa, Siddhartha S. and Kuffner, James J.},
journal={International Journal of Robotics Research},
volume={30},
number={12},
pages={1435-1460},
year={2011}}

@inproceedings{Xiong2011Haibao,
  title={HAIBAO intelligent robot developed for Shanghai World Expo 2010},
  author={Xiong, Rong and Zheng, Hongbo and Wu, Yonghai and Chu, Jian},
  booktitle={Proceedings of the 2011 IEEE International Conference on Robotics and Automation (ICRA)},
  pages={1--4},
  year={2011},
  organization={IEEE}
}

@book{Latombe2012Robot,
  title={Robot motion planning},
  author={Latombe, Jean-Claude},
  volume={124},
  year={2012},
  publisher={Springer Science \& Business Media}
}

@article{Porta2012Randomized,
title={Randomized path planning on manifolds based on higher-dimensional continuation},
author={Porta, Josep M and Jaillet, LÃ©onard and Bohigas, Oriol},
journal={International Journal of Robotics Research},
volume={31},
number={2},
pages={201-215},
year={2012}}

@article{Galceran2013A,
title={A survey on coverage path planning for robotics},
author={Galceran, Enric and Carreras, Marc},
journal={Robotics and Autonomous Systems},
volume={61},
number={12},
pages={1258--1276},
year={2013}}

@inproceedings{Galceran2013Planning,
  title={Planning coverage paths on bathymetric maps for in-detail inspection of the ocean floor},
  author={Galceran, Enric and Carreras, Marc},
  booktitle={Proceedings of the 2013 IEEE International Conference on Robotics and Automation (ICRA)},
  pages={4159--4164},
  year={2013},
  organization={IEEE}
}
    
@article{Jaillet2013Path,
title={Path planning under kinematic constraints by rapidly exploring manifolds},
author={Jaillet, LÃ©onard and Porta, Josep Maria},
journal={IEEE Transactions on Robotics},
volume={29},
number={1},
pages={105-117},
year={2013}}

@inproceedings{gammell2014informed,
title={Informed RRT*: Optimal sampling-based path planning focused via direct sampling of an admissible ellipsoidal heuristic},
author={Gammell, Jonathan D and Srinivasa, Siddhartha S and Barfoot, Timothy D},
booktitle={2014 IEEE/RSJ International Conference on Intelligent Robots and Systems},
pages={2997--3004},
year={2014},
organization={IEEE}}

@article{gammell2014bit,
title={Bit*: Batch informed trees for optimal sampling-based planning via dynamic programming on implicit random geometric graphs},
author={Gammell, Jonathan D and Srinivasa, Siddhartha S and Barfoot, Timothy D},
journal={arXiv preprint arXiv:1405.5848},
year={2014},
publisher={Tech. Report TR-2014-JDG006, ASRL, University of Toronto}}

@article{Andulkar2015Novel,
  title={Novel integrated offline trajectory generation approach for robot assisted spray painting operation},
  author={Andulkar, Mayur V and Chiddarwar, Shital S and Marathe, Akshay S},
  journal={Journal of Manufacturing Systems},
  volume={37},
  pages={201--216},
  year={2015},
  publisher={Elsevier}
}

@article{heck2015switched,
title = {Switched position-force tracking control of a manipulator interacting with a stiff environment},
author = {Heck, D. and Saccon, Alessandro and Wouw, N. and Nijmeijer, Henk},
year = {2015},
month = {07},
pages = {4832-4837},
volume = {2015},
journal = {Proceedings of the American Control Conference},
doi = {10.1109/ACC.2015.7172090}}

@inproceedings{Sadat2015Fractal,
  title={Fractal trajectories for online non-uniform aerial coverage},
  author={Sadat, Seyed Abbas and Wawerla, Jens and Vaughan, Richard},
  booktitle={Proceedings of the 2015 IEEE international conference on robotics and automation (ICRA)},
  pages={2971--2976},
  year={2015},
  organization={IEEE}
}

@inproceedings{Brown2016Constriction,
  title={The constriction decomposition method for coverage path planning},
  author={Brown, Stanley and Waslander, Steven L},
  booktitle={Proceedings of the 2016 IEEE/RSJ International Conference on Intelligent Robots and Systems (IROS)},
  pages={3233--3238},
  year={2016},
  organization={IEEE}
}

@article{Zhou2016Sweep,
  title={Sweep scan path planning for efficient freeform surface inspection on five-axis CMM},
  author={Zhou, Zi and Zhang, Yang and Tang, Kai},
  journal={Computer-Aided Design},
  volume={77},
  pages={1--17},
  year={2016},
  publisher={Elsevier}
}

@inproceedings{Balampanis2017Spiral,
  title={Spiral-like coverage path planning for multiple heterogeneous UAS operating in coastal regions},
  author={Balampanis, Fotios and Maza, Ivan and Ollero, Anibal},
  booktitle={Proceedings of the 2017 International Conference on Unmanned Aircraft Systems (ICUAS)},
  pages={617--624},
  year={2017},
  organization={IEEE}
}

@article{Ellefsen2017Multiobjective,
  title={Multiobjective coverage path planning: Enabling automated inspection of complex, real-world structures},
  author={Ellefsen, Kai Olav and Lepikson, Herman Augusto and Albiez, Jan C},
  journal={Applied Soft Computing},
  volume={61},
  pages={264--282},
  year={2017},
  publisher={Elsevier}
}

@article{Li2017Interference,
  title={Interference-free inspection path generation for impeller blades using an on-machine probe},
  author={Li, Wen-long and Wang, Gang and Zhang, Gang and Li, Qi-dong and Yin, Zhou-ping},
  journal={IEEE/ASME Transactions on Mechatronics},
  volume={22},
  number={3},
  pages={1218--1226},
  year={2017},
  publisher={IEEE}
}

@inproceedings{paus2017a,
title={A combined approach for robot placement and coverage path planning for mobile manipulation},
author={Paus, Fabian and Kaiser, Peter and Vahrenkamp, Nikolaus and Asfour, Tamim},
booktitle={2017 IEEE/RSJ International Conference on Intelligent Robots and Systems (IROS)},
year={2017}}

@inproceedings{Bormann2018Indoor,
  title={Indoor coverage path planning: Survey, implementation, analysis},
  author={Bormann, Richard and Jordan, Florian and Hampp, Joshua and H{\"a}gele, Martin},
  booktitle={Proceedings of the 2018 IEEE International Conference on Robotics and Automation (ICRA)},
  pages={1718--1725},
  year={2018},
  organization={IEEE}
}

@article{mirrazavi2018a,
title={A Dynamical-System-Based Approach for Controlling Robotic Manipulators During Noncontact/Contact Transitions},
author={Mirrazavi, Salehian Seyed Sina and Billard Aude},
journal={IEEE Robotics \& Automation Letters},
year = {2018},
volume={3},
number={4},
pages={2738-2745}}


@article{Hassan2018A,
title={A Deformable Spiral Based Algorithm to Smooth Coverage Path Planning for Marine Growth Removal},
author={Hassan, Mahdi and Liu, Dikai},
pages={1913--1918},
year={2018}}
    

@article{solanes2018adaptive,
title={Adaptive robust control and admittance control for contact-driven robotic surface conditioning},
author={Solanes, J Ernesto and Gracia, Luis and Munozbenavent, Pau and Esparza, Alicia and Valls Miro, Jaime and Tornero, Josep},
journal={Robotics and Computer-integrated Manufacturing},
volume={54},
pages={115--132},
year={2018}}

@article{Vselek2018Mobile,
  title={Mobile robot navigation for complete coverage of an environment},
  author={{\v{S}}elek, Ana and Seder, Marija and Petrovi{\'c}, Ivan},
  journal={IFAC-PapersOnLine},
  volume={51},
  number={22},
  pages={512--517},
  year={2018},
  publisher={Elsevier}
}

@article{Zhang2018Automatic,
  title={Automatic sweep scan path planning for five-axis free-form surface inspection based on hybrid swept area potential field},
  author={Zhang, Yang and Tang, Kai},
  journal={IEEE Transactions on Automation Science and Engineering},
  volume={16},
  number={1},
  pages={261--277},
  year={2018},
  publisher={IEEE}
}

@inproceedings{Cabreira2019Grid,
  title={Grid-based coverage path planning with minimum energy over irregular-shaped areas with UAVs},
  author={Cabreira, Tau{\~a} M and Ferreira, Paulo R and Di Franco, Carmelo and Buttazzo, Giorgio C},
  booktitle={Proceedings of the 2019 international conference on unmanned aircraft systems (ICUAS)},
  pages={758--767},
  year={2019},
  organization={IEEE}
}
    
@article{Hespe2019Scalable,
  title={Scalable kernelization for maximum independent sets},
  author={Hespe, Demian and Schulz, Christian and Strash, Darren},
  journal={Journal of Experimental Algorithmics (JEA)},
  volume={24},
  pages={1--22},
  year={2019},
  publisher={ACM New York, NY, USA}
}

@article{Wan2019Inspection,
  title={An inspection path optimization of impeller for balancing efficiency and accuracy},
  author={Wan, Neng and Jiang, Renzheng and Zhao, Heng and Zhang, Sentang},
  journal={Measurement},
  volume={141},
  pages={472--485},
  year={2019},
  publisher={Elsevier}
}

@article{solanes2019robust,
title={Robust Hybrid Position-Force Control for Robotic Surface Polishing},
author={Solanes, J Ernesto and Gracia, Luis and Munozbenavent, Pau and Valls Miro, Jaime and Perezvidal, Carlos and Tornero, Josep},
journal={Journal of Manufacturing Science and Engineering-transactions of The Asme},
volume={141},
number={1},
pages={011013},
year={2019}}

@article{Van2019Hybrid,
  title={Hybrid spiral STC-hedge algebras model in knowledge reasonings for robot coverage path planning and its applications},
  author={Van Pham, Hai and Asadi, Farzin and Abut, Nurettin and Kandilli, Ismet},
  journal={Applied Sciences},
  volume={9},
  number={9},
  pages={1909},
  year={2019},
  publisher={Multidisciplinary Digital Publishing Institute}
}

@article{Wu2019Energy,
  title={Energy-efficient coverage path planning for general terrain surfaces},
  author={Wu, Chenming and Dai, Chengkai and Gong, Xiaoxi and Liu, Yong-Jin and Wang, Jun and Gu, Xianfeng David and Wang, Charlie CL},
  journal={IEEE Robotics and Automation Letters},
  volume={4},
  number={3},
  pages={2584--2591},
  year={2019},
  publisher={IEEE}
}
    
@inproceedings{Bhatt2020Incorporating,
  title={Incorporating Tool Contact Considerations in Tool-Path Planning for Robotic Operations},
  author={Bhatt, Prahar M and Gong, Cheng and Kabir, Ariyan M and Malhan, Rishi K and Shah, Brual C and Gupta, Satyandra K},
  booktitle={Proceedings of the 2020 International Manufacturing Science and Engineering Conference},
  volume={84256},
  year={2020},
  organization={American Society of Mechanical Engineers}
}

@inproceedings{Chen2020Max,
  title={Max orientation coverage: efficient path planning to avoid collisions in the CNC milling of 3D objects},
  author={Chen, Xin and Tucker, Thomas M and Kurfess, Thomas R and Vuduc, Richard and Hu, Liting},
  booktitle={Proceedings of the 2020 IEEE/RSJ International Conference on Intelligent Robots and Systems (IROS)},
  pages={6862--6869},
  year={2020},
  organization={IEEE}
}

@article{Chen2020Spiral,
  title={A spiral-based inspection path generation algorithm for efficient five-axis sweep scanning of freeform surfaces},
  author={Chen, Lufeng and Zhang, Rong and Tang, Kai and Hu, Pengcheng and Zhao, Pengyu and Li, Zhaoyu and Han, Zhenwei},
  journal={Computer-Aided Design},
  volume={124},
  pages={102838},
  year={2020},
  publisher={Elsevier}
}

@inproceedings{Eiben2020Problem,
  title={On the Problem of Covering a 3-D Terrain},
  author={Eiben, Eduard and Godage, Isuru and Kanj, Iyad and Xia, Ge},
  booktitle={Proceedings of the AAAI Conference on Artificial Intelligence},
  volume={34},
  number={06},
  pages={10361--10368},
  year={2020}
}

@article{Jensen2020Near,
  title={Near-Optimal Area-Coverage Path Planning of Energy-Constrained Aerial Robots With Application in Autonomous Environmental Monitoring},
  author={Jensen-Nau, Katharin R and Hermans, Tucker and Leang, Kam K},
  journal={IEEE Transactions on Automation Science and Engineering},
  year={2020},
  publisher={IEEE}
}

@article{Liu2020Optimal,
  title={Optimal path planning for automated dimensional inspection of free-form surfaces},
  author={Liu, Yinhua and Zhao, Wenzheng and Sun, Rui and Yue, Xiaowei},
  journal={Journal of Manufacturing Systems},
  volume={56},
  pages={84--92},
  year={2020},
  publisher={Elsevier}
}

@inproceedings{Huo2021Robotic,
  title={A Robotic Defect Inspection System for Free-form Specular Surfaces},
  author={Huo, Shengzeng and Navarro-Alarcon, David and Chik, David TW},
  booktitle={Proceedings of the 2021 IEEE International Conference on Robotics and Automation (ICRA)},
  pages={11364--11370},
  year={2021},
  organization={IEEE}
}

@article{Ramesh2021Optimal,
  title={Optimal Partitioning of Non-Convex Environments for Minimum Turn Coverage Planning},
  author={Ramesh, Megnath and Imeson, Frank and Fidan, Baris and Smith, Stephen L},
  journal={arXiv preprint arXiv:2109.08185},
  year={2021}
}