@article{Acar2002Morse,
  author={Ercan U. Acar and Howie Choset and Alfred A. Rizzi and Prasad N. Atkar and Douglas Hull},
  title={Morse decompositions for coverage tasks},
  journal={The International Journal of Robotics Research},
  volume={21},
  number={4},
  pages={331--344},
  year={2002},
  doi = {10.1177/027836402320556359},
  URL = {https://doi.org/10.1177/027836402320556359},
  publisher={SAGE Publications Sage UK: London, England}
}

@inproceedings{Atkar2003Towards,
  title={Towards optimal coverage of 2-dimensional surfaces embedded in $\mathbb{R}^3$: choice of start curve},
  author={Atkar, Prasad N and Choset, Howie and Rizzi, Alfred A},
  booktitle={Proceedings of the 2003 IEEE/RSJ International Conference on Intelligent Robots and Systems},
  volume={4},
  pages={3581--3587},
  year={2003},
  doi = {10.1109/IROS.2003.1249711},
  URL = {https://doi.org/10.1109/IROS.2003.1249711},
  organization={IEEE}
}

@article{Atkar2008Hierarchical,
  title={Hierarchical segmentation of piecewise pseudoextruded surfaces for uniform coverage},
  author={Atkar, Prasad N and Conner, David C and Greenfield, Aaron and Choset, Howie and Rizzi, Alfred A},
  journal={IEEE Transactions on Automation Science and Engineering},
  volume={6},
  number={1},
  pages={107--120},
  year={2009},
  doi = {10.1109/TASE.2008.916768},
  URL = {https://doi.org/10.1109/TASE.2008.916768},
  publisher={IEEE}
}

@article{cheah2003brief,
  title={Stability of hybrid position and force control for robotic manipulator with kinematics and dynamics uncertainties},
  author={Cheah, Chien-Chern and Kawamura, Sadao and Arimoto, Suguru},
  journal={Automatica},
  volume={39},
  number={5},
  pages={847--855},
  year={2003},
  doi = {10.1016/S0005-1098(03)00002-5},
  URL = {http://doi.org/10.1016/S0005-1098(03)00002-5},
  publisher={Elsevier}
}

@article{choset2001coverage,
  title={Coverage for robotics--a survey of recent results},
  author={Choset, Howie},
  journal={Annals of Mathematics and Artificial Intelligence},
  volume={31},
  number={1-4},
  pages={113--126},
  year={2001},
  doi = {10.1023/A:1016639210559},
  URL = {https://doi.org/10.1023/A:1016639210559},
  publisher={Springer}
}

@inproceedings{choset2000exact,
  title={Exact cellular decompositions in terms of critical points of morse functions},
  author={Choset, Howie and Acar, Ercan and Rizzi, Alfred A and Luntz, Jonathan},
  booktitle={Proceedings of the 2000 IEEE International Conference on Robotics and Automation},
  volume={3},
  pages={2270--2277},
  year={2000},
  doi = {10.1109/ROBOT.2000.846365},
  URL = {http://doi.org/10.1109/ROBOT.2000.846365},
  organization={IEEE}
}

@article{galceran2013a,
  title={A survey on coverage path planning for robotics},
  author={Galceran, Enric and Carreras, Marc},
  journal={Robotics and Autonomous Systems},
  volume={61},
  number={12},
  pages={1258--1276},
  year={2013},
  doi = {10.1016/j.robot.2013.09.004},
  URL = {http://doi.org/10.1016/j.robot.2013.09.004},
  publisher={Elsevier}
}

@article{hameed2016side-to-side,
  title={Side-to-side 3D coverage path planning approach for agricultural robots to minimize skip/overlap areas between swaths},
  author={Hameed, Ibrahim A and la Cour-Harbo, Anders and Osen, Ottar L},
  journal={Robotics and Autonomous Systems},
  volume={76},
  pages={36--45},
  year={2016},
  doi = {10.1016/j.robot.2015.11.009},
  URL = {http://doi.org/10.1016/j.robot.2015.11.009},
  publisher={Elsevier}
}

@inproceedings{heck2015switched,
  title = {Switched position-force tracking control of a manipulator interacting with a stiff environment},
  author = {Heck, Dennis and Saccon, Alessandro and Wouw, N Van De and Nijmeijer, Henk},
  booktitle = {Proceedings of the American Control Conference},
  pages = {4832-4837},
  month = {07},
  year = {2015},
  doi = {10.1109/ACC.2015.7172090},
  URL = {http://doi.org/10.1109/ACC.2015.7172090},
  publisher={IEEE}
}


@inproceedings{huang2001optimal,
  title={Optimal line-sweep-based decompositions for coverage algorithms},
  author={W. H. {Huang}},
  booktitle={Proceedings of the 2001 IEEE International Conference on Robotics and Automation},
  pages={27-32 vol.1},
  month={05},
  year={2001},
  number={},
  doi={10.1109/ROBOT.2001.932525},
  URL = {http://doi.org/10.1109/ROBOT.2001.932525},
  ISSN={1050-4729},
  publisher={IEEE}
}

@inbook{lavalle2006planning, 
  title={The Configuration Space}, 
  author={LaValle, Steven M.},
  booktitle={Planning Algorithms}, 
  pages={105--152},
  year={2006}, 
  doi={10.1017/CBO9780511546877.006}, 
  URL = {http://doi.org/10.1017/CBO9780511546877.006},
  publisher={Cambridge University Press},
  place={Cambridge}
}

@article{LaValle2001Randomized,
  title={Randomized kinodynamic planning},
  author={LaValle, Steven M and Kuffner Jr, James J},
  journal={The International Journal of Robotics Research},
  volume={20},
  number={5},
  pages={378--400},
  year={2001},
  doi = {10.1177/02783640122067453},
  URL = {http://doi.org/10.1177/02783640122067453},
  publisher={SAGE Publications}
}

@article{lumelsky1990dynamic,
  title={Dynamic path planning in sensor-based terrain acquisition},
  author={Lumelsky, Vladimir J and Mukhopadhyay, Snehasis and Sun, Kang},
  journal={IEEE Transactions on Robotics and Automation},
  volume={6},
  number={4},
  pages={462--472},
  year={1990},
  doi = {10.1109/70.59357},
  URL = {http://doi.org/10.1109/70.59357},
  publisher={IEEE}
}

@article{mirrazavi2018a,
  title={A Dynamical-System-Based Approach for Controlling Robotic Manipulators During Noncontact/Contact Transitions},
  author={Mirrazavi, Salehian Seyed Sina and Billard Aude},
  journal={IEEE Robotics \& Automation Letters},
  volume={3},
  number={4},
  pages={2738-2745},
  year = {2018},
  doi = {10.1109/LRA.2018.2833142},
  URL = {http://doi.org/10.1109/LRA.2018.2833142},
  publisher={IEEE}
}

@inproceedings{Oriolo2005Motion,
  title={Motion Planning for Mobile Manipulators along Given End-effector Paths},
  author={Oriolo, G. and Mongillo, C.},
  booktitle={Proceedings of the 2005 IEEE International Conference on Robotics and Automation}, 
  pages={2154--2160},
  year={2005},
  doi = {10.1109/ROBOT.2005.1570432},
  URL = {http://doi.org/10.1109/ROBOT.2005.1570432}
}

@inproceedings{paus2017a,
  title={A combined approach for robot placement and coverage path planning for mobile manipulation},
  author={Paus, Fabian and Kaiser,	 Peter and Vahrenkamp, Nikolaus and Asfour, Tamim},
  booktitle={Proceedings of the 2017 IEEE/RSJ International Conference on Intelligent Robots and Systems},
  pages={6285-6292},
  year={2017},
  doi = {10.1109/IROS.2017.8206531},
  URL = {http://doi.org/10.1109/IROS.2017.8206531},
  publisher={IEEE}
}

@article{Simmons1964Introduction,
  title={Introduction to Topology and Modern Analysis},
  author={Simmons, George F.},
  journal={The American Mathematical Monthly},
  volume={71},
  number={4},
  year={1964}
}

@article{solanes2018adaptive,
  title={Adaptive robust control and admittance control for contact-driven robotic surface conditioning},
  author={Solanes, J Ernesto and Gracia, Luis and Munozbenavent, Pau and Esparza, Alicia and Miro, Jaime Valls and Tornero, Josep},
  journal={Robotics and Computer-Integrated Manufacturing},
  volume={54},
  pages={115--132},
  year={2018},
  doi = {10.1016/j.rcim.2018.05.003},
  URL = {http://doi.org/10.1016/j.rcim.2018.05.003}
}

@article{Solanes2018Robust,
  title={Robust Hybrid Position-Force Control for Robotic Surface Polishing},
  author={Solanes, J. Ernesto and Gracia, Luis and Mu√±oz-Benavent, Pau and Valls Miro, Jaime and Perez-Vidal, Carlos and Tornero, Josep},
  journal={Journal of Manufacturing Science and Engineering},
  volume = {141},
  number = {1},
  year = {2018},
  month = {11},
  doi = {10.1115/1.4041836},
  URL = {http://doi.org/10.1115/1.4041836},
}

@article{Yang2020Cellular_arxiv, 
   author = {Yang, Tong and Miro, Jaime Valls and Lai, Qianen and Wang, Yue and Xiong, Rong}, 
   title = {Cellular Decomposition for Non-repetitive Coverage Task with Minimum Discontinuities},
   URL = {https://arxiv.org/abs/2001.09577v1},
   eprint = {arXiv:\embh{https://arxiv.org/abs}/2001.09577v1}
} 

@article{Yang2020Cellular, 
   author = {Yang, Tong and Miro, Jaime Valls and Lai, Qianen and Wang, Yue and Xiong, Rong}, 
   title = {Cellular Decomposition for Non-repetitive Coverage Task with Minimum Discontinuities},
   doi = {10.1109/TMECH.2020.2992685}, 
   journal= {IEEE/ASME Transactions on Mechatronics},
   year={2020},
   URL = {http://doi.org/10.1109/TMECH.2020.2992685}
}


@inproceedings{yoshikawa1990translational,
  title={Translational and Rotational Manipulability of Robotic Manipulators},
  author={Yoshikawa, Tsuneo},
  booktitle={Proceedings of the 1991 International Conference on Industrial Electronics, Control and Instrumentation},
  pages={1170-1175},
  year={1991},
  doi = {10.1109/IECON.1991.239275},
  URL = {http://doi.org/10.1109/IECON.1991.239275}
}

