@article{coxeter1961introduction,
  title={Introduction to geometry},
  author={Coxeter, Harold Scott Macdonald},
  year={1961},
  publisher={New York, London}
}

@article{Simmons1964Introduction,
  title={Introduction to Topology and Modern Analysis},
  author={Simmons, George F.},
  journal={The American Mathematical Monthly},
  volume={71},
  number={4},
  year={1964}
}

@article{Lai1986New,
author = {Z.C. Lai and D.C.H. Yang},
title ={A New Method for the Singularity Analysis of Simple Six-link Manipulators},
journal = {The International Journal of Robotics Research},
volume = {5},
number = {2},
pages = {66-74},
year = {1986},
doi = {10.1177/027836498600500207},
URL = {https://doi.org/10.1177/027836498600500207},
publisher={SAGE Publications Sage UK: London, England}
}

@article{Nakamura1986Inverse,
  title={Inverse kinematic solutions with singularity robustness for robot manipulator control},
  author={Nakamura, Yoshihiko and Hanafusa, Hideo},
  year={1986}, 
journal={Journal of Dynamic Systems, Measurement, and Control},
doi={10.1115/1.3143764}, 
URL={https://doi.org/10.1115/1.3143764}
}

@article{Wampler1986Manipulator,
  title={Manipulator inverse kinematic solutions based on vector formulations and damped least-squares methods},
  author={Wampler, Charles W},
  journal={IEEE Transactions on Systems, Man, and Cybernetics},
  volume={16},
  number={1},
  pages={93--101},
  year={1986},
  publisher={IEEE}, 
doi={10.1109/TSMC.1986.289285}, 
URL={https://doi.org/10.1109/TSMC.1986.289285}
}

@article{Maciejewski1988Numerical,
  title={Numerical filtering for the operation of robotic manipulators through kinematically singular configurations},
  author={Maciejewski, Anthony A and Klein, Charles A},
  journal={Journal of Robotic Systems},
  volume={5},
  number={6},
  pages={527--552},
  year={1988},
  publisher={Wiley Online Library}, 
doi={10.1002/rob.4620050603}, 
URL={https://doi.org/10.1002/rob.4620050603}
}

@inproceedings{Burdick1989On,
  author={J. W. {Burdick}},
  booktitle={Proceedings of the 1989 International Conference on Robotics and Automation}, 
  title={On the inverse kinematics of redundant manipulators: characterization of the self-motion manifolds}, 
  year={1989},
  volume={1},
  number={},
  pages={264-270},
doi={10.1109/ROBOT.1989.99999}, 
URL = {http://doi.org/10.1109/ROBOT.1989.99999}
}

@article{Maciejewski1989Singular,
  title={The singular value decomposition: Computation and applications to robotics},
  author={Maciejewski, Anthony A and Klein, Charles A},
  journal={The International journal of robotics research},
  volume={8},
  number={6},
  pages={63--79},
  year={1989},
  publisher={Sage Publications Sage CA: Thousand Oaks, CA}, 
doi={10.1177/027836498900800605}, 
URL={https://doi.org/10.1177/027836498900800605}
}

@inproceedings{yoshikawa1990translational,
  title={Translational and Rotational Manipulability of Robotic Manipulators},
  author={Yoshikawa, Tsuneo},
  booktitle={Proceedings of the 1991 International Conference on Industrial Electronics, Control and Instrumentation},
  pages={1170-1175},
  year={1991},
  doi = {10.1109/IECON.1991.239275},
  URL = {http://doi.org/10.1109/IECON.1991.239275}
}

@article{lumelsky1990dynamic,
  title={Dynamic path planning in sensor-based terrain acquisition},
  author={Lumelsky, Vladimir J and Mukhopadhyay, Snehasis and Sun, Kang},
  journal={IEEE Transactions on Robotics and Automation},
  volume={6},
  number={4},
  pages={462--472},
  year={1990},
  doi = {10.1109/70.59357},
  URL = {http://doi.org/10.1109/70.59357},
  publisher={IEEE}
}

@article{Seidel1991Simple,
  title={A simple and fast incremental randomized algorithm for computing trapezoidal decompositions and for triangulating polygons},
  author={Seidel, Raimund},
  journal={Computational Geometry},
  volume={1},
  number={1},
  pages={51--64},
  year={1991},
  publisher={Elsevier}
}

@inproceedings{Egeland1991Manipulator,
author={Egeland, Olav and Spangelo, Inge},
editor={Canudas de Wit, Carlos},
title={Manipulator control in singular configurations---Motion in degenerate directions},
booktitle={Proceedings of the 1991 Advanced Robot Control},
year={1991},
publisher={Springer Berlin Heidelberg},
address={Berlin, Heidelberg},
pages={296--306}, 
doi={10.1007/BFb0039279}, 
URL={https://doi.org/10.1007/BFb0039279}
}

@inproceedings{Deo1992Robot,
  title={Robot subtask performance with singularity robustness using optimal damped least-squares},
  author={Deo, Arati S and Walker, Ian D},
  booktitle={Proceedings 1992 IEEE International Conference on Robotics and Automation},
  pages={434--435},
  year={1992},
  organization={IEEE Computer Society}, 
doi={10.1109/ROBOT.1992.220301},
URL={https://doi.org/10.1109/ROBOT.1992.220301}
}

@article{Kieffer1992Manipulator,
author = {Jon Kieffer},
title ={Manipulator Inverse Kinematics for Untimed End-Effector Trajectories With Ordinary Singularities},
journal = {The International Journal of Robotics Research},
volume = {11},
number = {3},
pages = {225-237},
year = {1992},
doi = {10.1177/027836499201100305},
URL = {https://doi.org/10.1177/027836499201100305},
publisher={SAGE Publications Sage UK: London, England}
}

@article{Vassilios1992Identification,
author = {Vassilios D. Tourassis and Marcelo H. Ang, JR},
title ={Identification and Analysis of Robot Manipulator Singularities},
journal = {The International Journal of Robotics Research},
volume = {11},
number = {3},
pages = {248-259},
year = {1992},
doi = {10.1177/027836499201100307},
URL = {https://doi.org/10.1177/027836499201100307},
publisher={SAGE Publications Sage UK: London, England}
}

@ARTICLE{Pai1992Genericity,
  author={D. K. {Pai} and M. C. {Leu}},
  journal={IEEE Transactions on Robotics and Automation}, 
  title={Genericity and singularities of robot manipulators}, 
  year={1992},
  volume={8},
  number={5},
  pages={545-559},
doi = {10.1109/70.163780}, 
URL = {http://doi.org/10.1109/70.163780}
}

@inproceedings{Luck1993Self,
  author={C. L. {Luck} and S. {Lee}},
  booktitle={Proceedings of the 1993 IEEE International Conference on Robotics and Automation}, 
  title={Self-motion topology for redundant manipulators with joint limits}, 
  year={1993},
  volume={},
  number={},
  pages={626-631 vol.3},
doi={10.1109/ROBOT.1993.291835}, 
URL={https://doi.org/10.1109/ROBOT.1993.291835}
}

@inproceedings{Singh1993Motion,
  author={S. K. Singh},
  booktitle={Proceedings of the 1993 IEEE International Conference on Robotics and Automation}, 
  title={Motion planning and control of nonredundant manipulators at singularities}, 
  year={1993},
  volume={2},
  pages={487-492}, 
doi = {10.1109/ROBOT.1993.291910}, 
URL = {https://doi.org/10.1109/ROBOT.1993.291910}
}

@article{Kieffer1994Differential,
  author={J. Kieffer},
  journal={IEEE Transactions on Robotics and Automation}, 
  title={Differential analysis of bifurcations and isolated singularities for robots and mechanisms}, 
  year={1994},
  volume={10},
  number={1},
  pages={1-10},
doi={10.1109/70.285580}, 
URL = {https://doi.org/10.1109/70.285580}
}

@inproceedings{Luck1994Global,
  author={C. L. {Luck} and  {Sukhan Lee}},
  booktitle={Proceedings of the 1994 IEEE International Conference on Robotics and Automation}, 
  title={Global path planning of redundant manipulators based on self-motion topology}, 
  year={1994},
  volume={1},
  number={},
  pages={372-377},
doi = {10.1109/ROBOT.1994.351267}, 
URL = {http://doi.org/10.1109/ROBOT.1994.351267}
}

@article{Dragomir1995Tracking,
author = {Dragomir N. Nenchev},
title ={Tracking Manipulator Trajectories With Ordinary Singularities: A Null Space-Based Approach},
journal = {The International Journal of Robotics Research},
volume = {14},
number = {4},
pages = {399-404},
year = {1995},
doi = {10.1177/027836499501400407},
URL = {https://doi.org/10.1177/027836499501400407}   
}

@inproceedings{Nenchev1995Singularity,
  author={D. N. {Nenchev} and M. {Uchiyama}},
  booktitle={Proceedings of the 1995 IEEE International Conference on Robotics and Automation}, 
  title={Singularity-consistent path tracking: a null space based approach}, 
  year={1995},
  volume={3},
  number={},
  pages={2482-2489},
doi = {10.1109/ROBOT.1995.525632}, 
URL = {http://doi.org/10.1109/ROBOT.1995.525632}
}

@inproceedings{Seng1995Escapability,
  title={Escapability of singular configuration for redundant manipulators via self-motion},
  author={Seng, Jiaqing and O'Neil, Kevin A and Chen, Yu-Che},
  booktitle={Proceedings of the 1995 IEEE/RSJ International Conference on Intelligent Robots and Systems},
  volume={3},
  pages={78--83},
  year={1995},
  organization={IEEE}, 
doi={10.1109/IROS.1995.525865}, 
URL={https://doi.org/10.1109/IROS.1995.525865}
}

@article{Kavraki1996Probabilistic,
  author={L. E. {Kavraki} and P. {Svestka} and J. -. {Latombe} and M. H. {Overmars}},
  journal={IEEE Transactions on Robotics and Automation}, 
  title={Probabilistic roadmaps for path planning in high-dimensional configuration spaces}, 
  year={1996},
  volume={12},
  number={4},
  pages={566-580},
doi={10.1109/70.508439}, 
URL={https://doi.org/10.1109/70.508439}}

@inproceedings{Nenchev1996Singularity,
  author={D. N. Nenchev and M. Uchiyama},
  booktitle={Proceedings of the 1996 IEEE International Conference on Robotics and Automation}, 
  title={Singularity-consistent path planning and control of parallel robot motion through instantaneous-self-motion type singularities}, 
  year={1996},
  volume={2},
  number={},
  pages={1864-1870},
doi = {10.1109/ROBOT.1996.506983}, 
URL={http://doi.org/10.1109/ROBOT.1996.506983}
}

@article{Cheng1997Study,
  author={ {Fan-Tien Cheng} and  {Tzung-Liang Hour} and  {York-Yin Sun} and  {Tsing-Hua Chen}},
  journal={IEEE Transactions on Systems, Man, and Cybernetics, Part B (Cybernetics)}, 
  title={Study and resolution of singularities for a 6-DOF PUMA manipulator}, 
  year={1997},
  volume={27},
  number={2},
  pages={332-343},
doi={10.1109/3477.558842}, 
URL={https://doi.org/10.1109/3477.558842}
}

@article{Krzysztop1997Singularities,
author = {Krzysztof Tchoń and Robert Muszyński},
title ={Singularities of Nonredundant Robot Kinematics},
journal = {The International Journal of Robotics Research},
volume = {16},
number = {1},
pages = {60-76},
year = {1997},
doi = {10.1177/027836499701600105},
URL = {https://doi.org/10.1177/027836499701600105},
publisher={SAGE Publications Sage UK: London, England}
}

@article{Neil1997Removing,
  author={K. A. O'Neil and  Yu-Che Chen and Jiaqing Seng},
  journal={IEEE Transactions on Robotics and Automation}, 
  title={Removing singularities of resolved motion rate control of mechanisms, including self-motion}, 
  year={1997},
  volume={13},
  number={5},
  pages={741-751},
  doi={10.1109/70.631235}, 
URL = {https://doi.org/10.1109/70.631235}
}

@inproceedings{Tsumaki1997Singularity,
  author={Y. {Tsumaki} and S. {Kotera} and D. N. {Nenchev} and M. {Uchiyama}},
  booktitle={Proceedings of International Conference on Robotics and Automation}, 
  title={Singularity-consistent inverse kinematics of a 6-DOF manipulator with a non-spherical wrist}, 
  year={1997},
  volume={4},
  number={},
  pages={2980-2985},
doi = {10.1109/ROBOT.1997.606740}, 
URL = {http://doi.org/10.1109/ROBOT.1997.606740}
}


@article{Chevallereau1998Feasible,
author = {C. Chevallereau},
title ={Feasible Trajectories in Task Space from a Singularity for a Nonredundant or Redundant Robot Manipulator},
journal = {The International Journal of Robotics Research},
volume = {17},
number = {1},
pages = {56-69},
year = {1998},
doi = {10.1177/027836499801700106},
URL = {https://doi.org/10.1177/027836499801700106},
publisher={SAGE Publications Sage UK: London, England}
}

@InProceedings{Choset1998Coverage,
author={Choset, Howie and Pignon, Philippe},
editor={Zelinsky, Alexander},
title={Coverage Path Planning: The Boustrophedon Cellular Decomposition},
booktitle={Field and Service Robotics},
year={1998},
publisher={Springer London},
address={London},
pages={203--209},
doi={10.1007/978-1-4471-1273-0_32},
URL={https://doi.org/10.1007/978-1-4471-1273-0_32}
}

@inproceedings{Lloyd1998Removing,
  author={J. E. {Lloyd}},
  booktitle={Proceedings of the 1998 IEEE International Conference on Robotics and Automation}, 
  title={Removing the singularities of serial manipulators by transforming the workspace}, 
  year={1998},
  volume={4},
  number={},
  pages={2935-2940},
doi = {10.1109/ROBOT.1998.680733}, 
URL = {http://doi.org/10.1109/ROBOT.1998.680733}
}

@inproceedings{Nenchev1999Realtime,
  author={D. N. Nenchev and Y. Tsumaki and M. Uchiyama},
  booktitle={Proceedings of the 1999 IEEE International Conference on Robotics and Automation}, 
  title={Real-time motion control in the neighborhood of singularities: a comparative study between the SC and the DLS methods}, 
  year={1999},
  volume={1},
  number={},
  pages={506-511},
doi={10.1109/ROBOT.1999.770027}, 
URL={https://doi.org/10.1109/ROBOT.1999.770027}
}

@inproceedings{choset2000exact,
  title={Exact cellular decompositions in terms of critical points of morse functions},
  author={Choset, Howie and Acar, Ercan and Rizzi, Alfred A and Luntz, Jonathan},
  booktitle={Proceedings of the 2000 IEEE International Conference on Robotics and Automation},
  volume={3},
  pages={2270--2277},
  year={2000},
  doi = {10.1109/ROBOT.2000.846365},
  URL = {http://doi.org/10.1109/ROBOT.2000.846365},
  organization={IEEE}
}


@article{Choset2000Sensor-based,
title={Sensor-Based Exploration: The Hierarchical Generalized Voronoi Graph},
author={Choset, Howie and Burdick, Joel W},
journal={The International Journal of Robotics Research},
volume={19},
number={2},
pages={96--125},
year={2000}, 
doi={10.1177/02783640022066770}, 
URL={https://doi.org/10.1177/02783640022066770}
}

@inproceedings{Huang2001Optimal,
  title={Optimal line-sweep-based decompositions for coverage algorithms},
  author={W. H. {Huang}},
  booktitle={Proceedings of the 2001 IEEE International Conference on Robotics and Automation},
  pages={27-32 vol.1},
  month={05},
  year={2001},
  number={},
  doi={10.1109/ROBOT.2001.932525},
  URL = {http://doi.org/10.1109/ROBOT.2001.932525},
  ISSN={1050-4729},
  publisher={IEEE}
}

@article{LaValle2001Randomized,
  title={Randomized kinodynamic planning},
  author={LaValle, Steven M and Kuffner Jr, James J},
  journal={The International Journal of Robotics Research},
  volume={20},
  number={5},
  pages={378--400},
  year={2001},
  doi = {10.1177/02783640122067453},
  URL = {http://doi.org/10.1177/02783640122067453},
  publisher={SAGE Publications}
}

@article{choset2001coverage,
  title={Coverage for robotics--a survey of recent results},
  author={Choset, Howie},
  journal={Annals of Mathematics and Artificial Intelligence},
  volume={31},
  number={1-4},
  pages={113--126},
  year={2001},
  doi = {10.1023/A:1016639210559},
  URL = {https://doi.org/10.1023/A:1016639210559},
  publisher={Springer}
}

@inproceedings{Oetomo2001Singularity,
author="Oetomo, Denny and Ang, Marcelo and Lim, Ser Yong",
editor="Rus, Daniela and Singh, Sanjiv",
title="Singularity Handling on Puma in Operational Space Formulation",
booktitle="Experimental Robotics VII",
year="2001",
publisher="Springer Berlin Heidelberg",
address="Berlin, Heidelberg",
pages="491--500",
doi={10.1007/3-540-45118-8_49}, 
URL={https://doi.org/10.1007/3-540-45118-8_49}
}

@inproceedings{Oetomo2002Singularity,
  title={Singularity robust manipulator control using virtual joints},
  author={Oetomo, Denny and Ang, Marcelo H and Lim, Tao Ming},
  booktitle={Proceedings of the 2002 IEEE International Conference on Robotics and Automation},
  volume={3},
  pages={2418--2423},
  year={2002},
  organization={IEEE}, 
doi={10.1109/ROBOT.2002.1013594},
URL={https://doi.org/10.1109/ROBOT.2002.1013594}
}

@article{Acar2002Morse,
  author={Ercan U. Acar and Howie Choset and Alfred A. Rizzi and Prasad N. Atkar and Douglas Hull},
  title={Morse decompositions for coverage tasks},
  journal={The International Journal of Robotics Research},
  volume={21},
  number={4},
  pages={331--344},
  year={2002},
  doi = {10.1177/027836402320556359},
  URL = {https://doi.org/10.1177/027836402320556359},
  publisher={SAGE Publications Sage UK: London, England}
}

@article{cheah2003brief,
  title={Stability of hybrid position and force control for robotic manipulator with kinematics and dynamics uncertainties},
  author={Cheah, Chien-Chern and Kawamura, Sadao and Arimoto, Suguru},
  journal={Automatica},
  volume={39},
  number={5},
  pages={847--855},
  year={2003},
  doi = {10.1016/S0005-1098(03)00002-5},
  URL = {http://doi.org/10.1016/S0005-1098(03)00002-5},
  publisher={Elsevier}
}


@inproceedings{Atkar2003Towards,
  title={Towards optimal coverage of 2-dimensional surfaces embedded in $\mathbb{R}^3$: choice of start curve},
  author={Atkar, Prasad N and Choset, Howie and Rizzi, Alfred A},
  booktitle={Proceedings of the 2003 IEEE/RSJ International Conference on Intelligent Robots and Systems},
  volume={4},
  pages={3581--3587},
  year={2003},
  doi = {10.1109/IROS.2003.1249711},
  URL = {https://doi.org/10.1109/IROS.2003.1249711},
  organization={IEEE}
}

@inproceedings{Mei2004Energy,
  title={Energy-efficient motion planning for mobile robots},
  author={Mei, Yongguo and Lu, Yung-Hsiang and Hu, Y Charlie and Lee, CS George},
  booktitle={Proceedings of the 2004 IEEE International Conference on Robotics and Automation},
  volume={5},
  pages={4344--4349},
  year={2004},
  doi={10.1109/ROBOT.2004.1302401}, 
  URL={https://doi.org/10.1109/ROBOT.2004.1302401}
}

@inproceedings{Oriolo2005Motion,
  title={Motion Planning for Mobile Manipulators along Given End-effector Paths},
  author={Oriolo, G. and Mongillo, C.},
  booktitle={Proceedings of the 2005 IEEE International Conference on Robotics and Automation}, 
  pages={2154--2160},
  year={2005},
  doi = {10.1109/ROBOT.2005.1570432},
  URL = {http://doi.org/10.1109/ROBOT.2005.1570432}
}

@inbook{lavalle2006planning, 
  title={The Configuration Space}, 
  author={LaValle, Steven M.},
  booktitle={Planning Algorithms}, 
  pages={105--152},
  year={2006}, 
  doi={10.1017/CBO9780511546877.006}, 
  URL = {http://doi.org/10.1017/CBO9780511546877.006},
  publisher={Cambridge University Press},
  place={Cambridge}
}


@inproceedings{Guangyu2006Optimal,
  author={L. Guangyu and S. Zengqi and M. Chundi},
  booktitle={Proceedings of the 2006 IEEE/RSJ International Conference on Intelligent Robots and Systems}, 
  title={Optimal Motion Planning Passing Through Kinematic Singularities for Robot Arms}, 
  year={2006},
  volume={},
  number={},
  pages={4349-4354},
doi={10.1109/IROS.2006.282008}, 
URL={http://doi.org/10.1109/IROS.2006.282008}
}

@article{Kim2006Task,
  title={Task reconstruction method for real-time singularity avoidance for robotic manipulators},
  author={Kim, Jinhyun and Marani, Giacomo and Chung, Wan Kyun and Yuh, Junku},
  journal={Advanced Robotics},
  volume={20},
  number={4},
  pages={453--481},
  year={2006},
  publisher={Taylor \& Francis}, 
doi={10.1163/156855306776562233}, 
URL={https://doi.org/10.1163/156855306776562233}
}

@inproceedings{Jimenez2007Optimal,
title={Optimal area covering using genetic algorithms},
author={Jimenez, Paulo A and Shirinzadeh, Bijan and Nicholson, Ann E and Alici, Gursel},
journal={Proceedings of the 2007 IEEE/ASME International Conference on Advanced Intelligent Mechatronics},
pages={1--5},
year={2007}, 
doi={10.1109/AIM.2007.4412480}, 
URL={https://doi.org/10.1109/AIM.2007.4412480}
}

@article{Atkar2008Hierarchical,
  title={Hierarchical segmentation of piecewise pseudoextruded surfaces for uniform coverage},
  author={Atkar, Prasad N and Conner, David C and Greenfield, Aaron and Choset, Howie and Rizzi, Alfred A},
  journal={IEEE Transactions on Automation Science and Engineering},
  volume={6},
  number={1},
  pages={107--120},
  year={2009},
  doi = {10.1109/TASE.2008.916768},
  URL = {https://doi.org/10.1109/TASE.2008.916768},
  publisher={IEEE}
}

@inproceedings{Gharbi2008A,
  author={M. {Gharbi} and J. {Cortes} and T. {Simeon}},
  booktitle={Proceedings of the 2008 IEEE/ASME International Conference on Advanced Intelligent Mechatronics}, 
  title={A sampling-based path planner for dual-arm manipulation}, 
  year={2008},
  volume={},
  number={},
  pages={383-388},
doi={10.1109/AIM.2008.4601691}, 
URL={https://doi.org/10.1109/AIM.2008.4601691}
}

@inproceedings{Berenson2009Manipulation,
  author={D. {Berenson} and S. S. {Srinivasa} and D. {Ferguson} and J. J. {Kuffner}},
  booktitle={2009 IEEE International Conference on Robotics and Automation}, 
  title={Manipulation planning on constraint manifolds}, 
  year={2009},
  volume={},
  number={},
  pages={625-632},
doi={10.1109/ROBOT.2009.5152399}, 
URL={https://doi.org/10.1109/ROBOT.2009.5152399}}

@article{Oksanen2009Coverage,
  title={Coverage path planning algorithms for agricultural field machines},
  author={Oksanen, Timo and Visala, Arto},
  journal={Journal of Field Robotics},
  volume={26},
  number={8},
  pages={651--668},
  year={2009},
  publisher={Wiley Online Library}, 
doi={10.1002/rob.20300}, 
URL={https://doi.org/10.1002/rob.20300}
}

@article{Oetomo2009Singularity,
author = {Denny Oetomo and Marcelo H. Ang Jr},
title = {Singularity robust algorithm in serial manipulators},
journal = {Robotics and Computer-Integrated Manufacturing},
volume = {25},
number = {1},
pages = {122 - 134},
year = {2009},
issn = {0736-5845},
doi = {10.1016/j.rcim.2007.09.007},
url = {https://doi.org/10.1016/j.rcim.2007.09.007}
}

@article{Jaillet2010Sampling,
  author={L. {Jaillet} and J. {Cortés} and T. {Siméon}},
  journal={IEEE Transactions on Robotics}, 
  title={Sampling-Based Path Planning on Configuration-Space Costmaps}, 
  year={2010},
  volume={26},
  number={4},
  pages={635-646},
doi={10.1109/TRO.2010.2049527}, 
URL={https://doi.org/10.1109/TRO.2010.2049527}}

@article{Stilman2010Global,
  title={Global manipulation planning in robot joint space with task constraints},
  author={Stilman, Mike},
  journal={IEEE Transactions on Robotics},
  volume={26},
  number={3},
  pages={576--584},
  year={2010},
  publisher={IEEE}, 
doi={10.1109/TRO.2010.2044949}, 
URL={https://doi.org/10.1109/TRO.2010.2044949}
}

@article{Berenson2011Task,
author = {Dmitry Berenson and Siddhartha Srinivasa and James Kuffner},
title ={Task Space Regions: A framework for pose-constrained manipulation planning},
journal = {The International Journal of Robotics Research},
volume = {30},
number = {12},
pages = {1435-1460},
year = {2011},
doi = {10.1177/0278364910396389},
URL = {https://doi.org/10.1177/0278364910396389}
}

@article{Karaman2011Sampling,
  title={Sampling-based algorithms for optimal motion planning},
  author={Karaman, Sertac and Frazzoli, Emilio},
  journal={The international journal of robotics research},
  volume={30},
  number={7},
  pages={846--894},
  year={2011},
  doi={10.1177/0278364911406761},
  URL={https://doi.org/10.1177/0278364911406761},
  publisher={Sage Publications Sage UK: London, England}
}

@article{Li2011Painting,
title={Trajectory Generation of Spray Painting Robot Using Point Cloud Slicing},
author={Li, M.Z. and Lu, Z.P. and Sha, C.F. and Huang, L.Q.},
journal={Applied Mechanics and Materials},
year={2011},
volume={44--47},
pages={1290--1294},
owner = {Fabricio Garelli}, 
doi={10.4028/www.scientific.net/AMM.44-47.1290}, 
URL={https://doi.org/10.4028/www.scientific.net/AMM.44-47.1290}
}


@article{Josep2012Randomized,
author = {Josep M Porta and Léonard Jaillet and Oriol Bohigas},
title ={Randomized path planning on manifolds based on higher-dimensional continuation},
journal = {The International Journal of Robotics Research},
volume = {31},
number = {2},
pages = {201-215},
year = {2012},
doi = {10.1177/0278364911432324},
URL = {https://doi.org/10.1177/0278364911432324},
publisher={SAGE Publications Sage UK: London, England}
}

@inproceedings{Hess2012Null,
  author={J. {Hess} and G. D. {Tipaldi} and W. {Burgard}},
  booktitle={Proceedings of the 2012 IEEE/RSJ International Conference on Intelligent Robots and Systems}, 
  title={Null space optimization for effective coverage of 3D surfaces using redundant manipulators}, 
  year={2012},
  volume={},
  number={},
  pages={1923-1928},
doi={10.1109/IROS.2012.6385960}, 
URL = {http://doi.org/10.1109/IROS.2012.6385960}
}

@article{galceran2013a,
  title={A survey on coverage path planning for robotics},
  author={Galceran, Enric and Carreras, Marc},
  journal={Robotics and Autonomous Systems},
  volume={61},
  number={12},
  pages={1258--1276},
  year={2013},
  doi = {10.1016/j.robot.2013.09.004},
  URL = {http://doi.org/10.1016/j.robot.2013.09.004},
  publisher={Elsevier}
}

@inproceedings{heck2015switched,
  title = {Switched position-force tracking control of a manipulator interacting with a stiff environment},
  author = {Heck, Dennis and Saccon, Alessandro and Wouw, N Van De and Nijmeijer, Henk},
  booktitle = {Proceedings of the American Control Conference},
  pages = {4832-4837},
  month = {07},
  year = {2015},
  doi = {10.1109/ACC.2015.7172090},
  URL = {http://doi.org/10.1109/ACC.2015.7172090},
  publisher={IEEE}
}

@article{hameed2016side-to-side,
  title={Side-to-side 3D coverage path planning approach for agricultural robots to minimize skip/overlap areas between swaths},
  author={Hameed, Ibrahim A and la Cour-Harbo, Anders and Osen, Ottar L},
  journal={Robotics and Autonomous Systems},
  volume={76},
  pages={36--45},
  year={2016},
  doi = {10.1016/j.robot.2015.11.009},
  URL = {http://doi.org/10.1016/j.robot.2015.11.009},
  publisher={Elsevier}
}

@inproceedings{Hassan2016Modeling,
  title={Modeling and stochastic optimization of complete coverage under uncertainties in multi-robot base placements},
  author={Hassan, Mahdi and Liu, Dikai and Paul, Gavin},
  booktitle={Proceedings of the 2016 IEEE/RSJ International Conference on Intelligent Robots and Systems},
  pages={2978--2984},
  year={2016},
  organization={IEEE}, 
doi={10.1109/IROS.2016.7759461}, 
URL={https://doi.org/10.1109/IROS.2016.7759461}
}

@article{Tian2016Polishing,
title={Polishing pressure investigations of robot automatic polishing on curved surfaces},
author={Tian, Fengjie and Li, Zhenguo and Lv, Chong and Liu, Guangbao},
journal={The International Journal of Advanced Manufacturing Technology},
year={2016},
volume={87},
number={1},
pages={639--646},
doi={10.1007/s00170-016-8527-2}, 
URL={https://doi.org/10.1007/s00170-016-8527-2}
}


@inproceedings{Xie2016Grinding, 
title={Force control based robotic grinding system and application}, 
booktitle={Proceedings of the 2016 World Congress on Intelligent Control and Automation (WCICA)}, 
author={X. Xie and L. Sun}, 
year={2016}, 
pages={2552--2555}, 
doi={10.1109/WCICA.2016.7578828}, 
URL={https://doi.org/10.1109/WCICA.2016.7578828},
month={June}
}

@article{Molina2017Defects,
title = {On the detection of defects on specular car body surfaces},
author = {Jaime Molina and J. Ernesto Solanes and Laura Arnal and Josep Tornero},
journal = {Robotics and Computer-Integrated Manufacturing},
volume = {48},
number = { },
pages = {263--278},
year = {2017},
doi = {10.1016/j.rcim.2017.04.009},
URL={https://doi.org/10.1016/j.rcim.2017.04.009}
}

@ARTICLE{Ren2017A,
  author={S. {Ren} and Y. {Xie} and X. {Yang} and J. {Xu} and G. {Wang} and K. {Chen}},
  journal={IEEE Transactions on Automation Science and Engineering}, 
  title={A Method for Optimizing the Base Position of Mobile Painting Manipulators}, 
  year={2017},
  volume={14},
  number={1},
  pages={370-375},
doi = {10.1109/TASE.2016.2612694}, 
URL = {http://doi.org/10.1109/TASE.2016.2612694}
}

@inproceedings{paus2017a,
  title={A combined approach for robot placement and coverage path planning for mobile manipulation},
  author={Paus, Fabian and Kaiser,	 Peter and Vahrenkamp, Nikolaus and Asfour, Tamim},
  booktitle={Proceedings of the 2017 IEEE/RSJ International Conference on Intelligent Robots and Systems},
  pages={6285-6292},
  year={2017},
  doi = {10.1109/IROS.2017.8206531},
  URL = {http://doi.org/10.1109/IROS.2017.8206531},
  publisher={IEEE}
}

@article{mirrazavi2018a,
  title={A Dynamical-System-Based Approach for Controlling Robotic Manipulators During Noncontact/Contact Transitions},
  author={Mirrazavi, Salehian Seyed Sina and Billard Aude},
  journal={IEEE Robotics \& Automation Letters},
  volume={3},
  number={4},
  pages={2738-2745},
  year = {2018},
  doi = {10.1109/LRA.2018.2833142},
  URL = {http://doi.org/10.1109/LRA.2018.2833142},
  publisher={IEEE}
}

@article{solanes2018adaptive,
  title={Adaptive robust control and admittance control for contact-driven robotic surface conditioning},
  author={Solanes, J Ernesto and Gracia, Luis and Munozbenavent, Pau and Esparza, Alicia and Miro, Jaime Valls and Tornero, Josep},
  journal={Robotics and Computer-Integrated Manufacturing},
  volume={54},
  pages={115--132},
  year={2018},
  doi = {10.1016/j.rcim.2018.05.003},
  URL = {http://doi.org/10.1016/j.rcim.2018.05.003}
}

@article{Hauser2018Global,
  author={K. {Hauser} and S. {Emmons}},
  journal={IEEE Transactions on Automation Science and Engineering}, 
  title={Global Redundancy Resolution via Continuous Pseudoinversion of the Forward Kinematic Map}, 
  year={2018},
  volume={15},
  number={3},
  pages={932-944},
  doi={10.1109/TASE.2018.2805878}, 
URl={https://doi.org/10.1109/TASE.2018.2805878}}

@inproceedings{Hassan2018A,
  author={M. {Hassan} and D. {Liu}},
  booktitle={Proceedings of the 2018 IEEE/RSJ International Conference on Intelligent Robots and Systems (IROS)}, 
  title={A Deformable Spiral Based Algorithm to Smooth Coverage Path Planning for Marine Growth Removal}, 
  year={2018},
  volume={},
  number={},
  pages={1913-1918},
  doi={10.1109/IROS.2018.8593563},
  URL={https://doi.org/10.1109/IROS.2018.8593563}
}

@article{Solanes2018Robust,
  title={Robust Hybrid Position-Force Control for Robotic Surface Polishing},
  author={Solanes, J. Ernesto and Gracia, Luis and Muñoz-Benavent, Pau and Valls Miro, Jaime and Perez-Vidal, Carlos and Tornero, Josep},
  journal={Journal of Manufacturing Science and Engineering},
  volume = {141},
  number = {1},
  year = {2018},
  month = {11},
  doi = {10.1115/1.4041836},
  URL = {http://doi.org/10.1115/1.4041836},
}

@article{Wu2019Energy,
  title={Energy-efficient coverage path planning for general terrain surfaces},
  author={Wu, Chenming and Dai, Chengkai and Gong, Xiaoxi and Liu, Yong-Jin and Wang, Jun and Gu, Xianfeng David and Wang, Charlie CL},
  journal={IEEE Robotics and Automation Letters},
  volume={4},
  number={3},
  pages={2584--2591},
  year={2019},
  publisher={IEEE}
}

@article{Yang2020Cellular_arxiv, 
   author = {Yang, Tong and Miro, Jaime Valls and Lai, Qianen and Wang, Yue and Xiong, Rong}, 
   title = {Cellular Decomposition for Non-repetitive Coverage Task with Minimum Discontinuities},
   URL = {https://arxiv.org/abs/2001.09577v1},
  year = {2020},
   eprint = {arXiv:\embh{https://arxiv.org/abs}/2001.09577v1}
} 

@article{Yang2020Cellular, 
   author = {Yang, Tong and Miro, Jaime Valls and Lai, Qianen and Wang, Yue and Xiong, Rong}, 
   title = {Cellular Decomposition for Non-repetitive Coverage Task with Minimum Discontinuities},
   doi = {10.1109/TMECH.2020.2992685}, 
   journal= {IEEE/ASME Transactions on Mechatronics},
   year={2020},
   URL = {http://doi.org/10.1109/TMECH.2020.2992685}
}

@inproceedings{Yang2020Nonrevisiting,
  title={Non-revisiting Coverage Task with Minimal Discontinuities for Non-redundant Manipulators},
  author={Yang, Tong and Valls Miro, Jaime and Wang, Yue and Xiong, Rong},
  booktitle={Proceedings of the 16th Conference on Robotics-Science and Systems},
  year={2020},
  organization={MIT PRESS}
}

@article{Pardi2020Planning,
  author={T. {Pardi} and V. {Ortenzi} and C. {Fairbairn} and T. {Pipe} and A. M. G. {Esfahani} and R. {Stolkin}},
  journal={IEEE Robotics and Automation Letters}, 
  title={Planning Maximum-Manipulability Cutting Paths}, 
  year={2020},
  volume={5},
  number={2},
  pages={1999-2006},
doi = {10.1109/LRA.2020.2970949}, 
URL = {http://doi.org/10.1109/LRA.2020.2970949}
}

